2750 4250
540 345 707 393 puerone
752 329 759 340 '

154 486 169 544 t
217 487 301 558 Quam
317 489 401 546 uaria
415 485 466 545 leti
481 503 591 564 genera
607 484 764 547 mortalem
781 483 903 545 trahunt

180 579 349 648 carpuntque
365 571 502 639 turbam,
519 579 628 648 pontus
646 579 676 630 et
692 571 804 652 terrum
822 576 850 629 et
865 568 934 630 doli.

180 656 294 734 prouidit
308 655 356 716 idle
371 655 518 716 maximus
533 655 636 716 mundi
651 649 760 733 parens¹

180 759 237 801 oum
251 750 306 801 um
321 757 447 818 rapaces
461 747 598 800 eerneret
612 740 664 800 tati
678 757 799 808 manus,

180 834 207 885 ut
220 825 319 885 damna
333 843 454 904 semper
468 823 573 886 subole
587 832 744 904 repararet
759 843 847 885 noua.

149 908 170 982 g'
215 909 266 970 Sed
281 911 337 970 iata
354 910 459 971 eredas
474 909 574 972 desse:
598 911 641 970 sic
656 919 750 971 atram
767 918 850 989 styga

179 995 228 1054 iam
241 995 364 1072 petimus
379 994 467 1055 ultro.
498 993 641 1056 caelibem
656 997 748 1056 uitam
755 993 873 1073 probet

179 1078 273 1140 sterilis
286 1081 443 1140 iuuentus:
465 1079 523 1140 hoo
538 1081 596 1140 erit
611 1079 753 1159 quioquid
768 1079 852 1140 uides

182 1166 258 1224 unius
271 1165 335 1225 aeui
349 1163 438 1226 turba
454 1167 527 1225 etin
542 1172 637 1225 semet
651 1173 728 1226 ruet.

179 1249 291 1324 proinde
306 1250 382 1309 uitae
397 1266 524 1326 sequere
540 1257 676 1310 naturam
691 1249 812 1310 dneem:
903 1265 907 1272 ’

179 1332 274 1393 urbem
291 1332 443 1413 frequenta
460 1335 569 1400 ciuium
587 1333 778 1394 coetus-eote.
1099 1347 1151 1396 400

152 1423 175 1472 td
219 1431 305 1477 mer.
328 1417 393 1479 Non
409 1418 465 1479 alia
481 1420 578 1495 magis
590 1420 635 1480 est
650 1418 741 1479 libera
759 1426 788 1478 et
803 1418 875 1478 uitio
892 1433 998 1478 oarens
1050 1428 1073 1471 F·
1083 1423 1185 1468 exxuu

180 1502 297 1580 ritusque
312 1502 419 1564 melius
434 1504 493 1563 uita
509 1522 586 1581 quae
601 1502 820 1582 priseoseolat,

180 1603 257 1664 quam
270 1605 344 1666 quae
359 1587 470 1648 relictis
485 1589 641 1650 moenibus
655 1588 746 1650 siluas
761 1594 849 1648 amat.

157 1679 166 1725 i
215 1671 286 1731 Non
301 1670 405 1733 illum
422 1691 530 1734 auarae
546 1676 651 1734 mentis
667 1673 830 1734 inflammat
844 1672 928 1733 furor

180 1757 265 1833 quise
279 1756 385 1818 dicauit
403 1759 548 1819 montium
563 1760 711 1820 insontem
726 1760 819 1834 iugis,

179 1856 232 1899 non
245 1858 312 1901 aura
327 1841 430 1921 populi
446 1848 475 1903 et
489 1842 597 1918 uulgus
611 1843 734 1904 infidum
750 1841 837 1903 bonis

180 1941 232 1983 non
245 1925 381 2002 pestilens
395 1927 506 1988 inuidia
523 1946 581 1988 non
598 1926 710 2007 fragilis
726 1928 820 1988 fauor.

155 2008 171 2064 i'
218 2009 288 2070 Non
303 2009 369 2073 ille
384 2030 479 2091 regno
493 2014 587 2073 seruit
601 2021 652 2074 aut
665 2029 759 2090 regno
774 2013 921 2072 inminens

179 2111 262 2155 uanos
274 2095 403 2159 honores
418 2099 554 2177 sequitur
569 2105 619 2159 aut
632 2096 728 2159 fluxas
744 2113 816 2176 opes
1000 2162 1015 2191 0

179 2181 236 2257 spei
249 2189 398 2259 metusque
413 2182 498 2243 liber.
531 2184 609 2244 haud
625 2182 706 2243 iilum
723 2183 808 2259 niger
1100 2180 1151 2241 500

180 2264 298 2345 edaxque
313 2265 390 2327 liuor
406 2267 495 2328 dente
510 2267 651 2344 degeneri
666 2268 747 2345 petit.

156 2356 172 2405 k
219 2348 273 2411 Nec
286 2350 398 2411 scelera
413 2350 541 2432 populos
556 2354 634 2413 inter
649 2360 738 2430 atque
754 2351 843 2427 urbes
859 2358 922 2413 seta

181 2435 253 2494 nouit
274 2453 326 2496 nee
342 2454 446 2497 omnes
461 2439 599 2497 conscius
614 2439 754 2515 strepitus
769 2446 859 2514 pauet

182 2525 224 2577 ant
237 2520 323 2581 uerba
339 2522 430 2599 dogit.
462 2520 541 2583 mitte
557 2540 618 2583 non
634 2524 750 2601 quaerit
766 2524 824 2600 tegi

182 2602 253 2665 diues
268 2604 410 2665 columnis
425 2624 482 2666 neo
496 2606 597 2667 trabes
613 2606 705 2667 multo
722 2607 850 2667 insolens

182 2687 278 2766 suffigit
292 2708 375 2751 auro.
406 2709 465 2751 non
482 2710 572 2752 oruor
586 2690 687 2770 largus
703 2694 766 2770 pias

181 2773 289 2835 inundat
303 2793 370 2835 aras
386 2775 471 2853 druge
486 2794 544 2837 neo
557 2782 652 2854 sparsi
667 2795 752 2837 saera

182 2864 290 2919 centena
305 2860 387 2919 niuei
403 2860 477 2922 cotta
493 2863 682 2923 summittunt
697 2860 799 2922 boues:

151 2938 172 2993 k'
215 2943 268 3003 Sed
282 2962 353 3006 rure
369 2964 466 3005 uaouo
482 2947 592 3023 potitur
608 2954 638 3007 et
652 2955 756 3023 aperto
771 2945 892 3006 aethere
1013 2996 1018 3007 .

181 3025 311 3089 innocuus
327 3037 417 3090 errat.
448 3030 573 3090 Caliidas
588 3032 787 3094 tantum.seris
1100 3036 1150 3087 510

181 3114 307 3178 struxisse
322 3115 444 3176 fraudes
458 3118 543 3175 nouit
558 3124 586 3175 et
602 3115 697 3176 tessus
712 3116 796 3192 graui

237 3267 284 3315 475
301 3266 391 3316 mines
409 3269 434 3316 A
458 3284 555 3318 manus
574 3268 599 3316 E
621 3265 634 3335 ΙΙ
655 3270 706 3318 476
726 3267 821 3318 sobole
843 3281 912 3316 corr.
932 3281 968 3315 eae
986 3266 1081 3337 spbole

181 3361 287 3431 41111400
304 3342 382 3419 ogias
399 3369 425 3417 E
445 3366 457 3435 ss
476 3371 527 3420 493
545 3384 684 3433 quemque
703 3370 728 3418 E
744 3367 822 3434 11498
840 3368 965 3419 imminet
982 3368 1007 3418 Α
1031 3369 1082 3418 im-

181 3433 274 3485 minens
290 3450 304 3486 ε
319 3434 332 3503 [Ι
348 3438 399 3486 499
416 3452 559 3502 uanosque
579 3453 597 3487 α
609 3434 620 3501 ΙΙ
636 3439 686 3487 502
704 3439 777 3487 inter
796 3440 879 3501 etque
898 3436 923 3485 E
941 3435 1001 3501 (titt.
1022 3440 1084 3486 eret

179 3513 223 3548 ter.
238 3520 266 3552 m.
285 3507 311 3553 2.
330 3507 357 3554 in
374 3507 444 3567 rae.)
466 3503 479 3571 ΙΙ
501 3509 556 3554 site
575 3522 597 3555 ro
615 3510 685 3553 eota
704 3506 780 3554 NHs.
798 3500 809 3571 ΙΙ
830 3507 880 3554 504
897 3503 970 3554 haud
992 3504 1013 3553 A
1034 3509 1083 3553 aut

182 3564 225 3631 ΕΙΙ
239 3572 286 3621 500
303 3572 429 3636 euifingit
447 3589 466 3622 α
490 3573 595 3623 suffieit
606 3573 632 3621 E
650 3572 756 3637 suffigit
773 3580 796 3635 ψ
816 3587 892 3636 ‚atoue
910 3574 967 3622 cod.
986 3572 1085 3622 sufful-

181 3634 223 3682 eit‘
240 3637 304 3689 Brut
329 3637 341 3705 Η
364 3643 413 3690 507
432 3655 532 3705 sparse
551 3657 570 3690 α
588 3640 669 3703 (corr.
691 3643 715 3689 in
734 3642 786 3691 ind.
806 3638 871 3705 err.)
895 3637 908 3705 Η
