2750 4250
289 324 333 388 50
571 341 601 398 t,
618 340 751 388 lunum
768 340 926 389 sunau-nn

294 479 351 538 iam
367 477 422 540 tela
441 479 528 540 uideo
543 487 654 540 nostra.
686 497 746 539 nou
763 497 874 558 quaero
888 499 1025 543 manum:

253 571 279 631 a'
336 563 408 634 Quis
423 565 518 644 potuit
532 581 634 624 aucum
650 563 772 625 flectere
787 571 838 626 aut
852 583 928 644 quae
944 566 1064 628 (lentona

293 649 412 710 sinuare
427 667 553 709 neruum
569 651 665 710 inuito
686 649 839 711 cedentem
856 651 947 711 mihil
1212 671 1261 718 1205

292 736 327 797 ad
343 752 398 795 nos
412 741 549 796 reuertor
567 735 728 811 genitor.
753 735 810 796 hoc
825 741 959 797 nostrum
977 746 1023 798 est
1038 736 1167 799 scelus?

290 830 421 882 tacuere.
452 827 587 880 nostrum
603 827 657 880 est.

290 917 398 964 amun.
688 901 787 964 luctus
802 912 846 965 est
860 905 926 966 istic
942 914 1011 967 tuus

292 991 403 1049 crimen
419 1006 577 1049 nouercae.
602 1005 687 1049 casus
703 989 750 1048 hic
766 988 851 1070 culpa
868 997 958 1052 carot.

249 1087 278 1138 do
332 1085 436 1135 nnnc,
460 1073 546 1134 Nunc
561 1082 644 1153 parte
660 1073 697 1134 ab
714 1075 793 1134 omni
809 1076 926 1151 genitor
942 1077 1036 1137 iratus
1052 1085 1125 1138 tona·

294 1157 384 1220 oblite
400 1159 501 1220 nostri.
533 1159 648 1219 uindica
665 1177 730 1218 sera
748 1177 837 1220 manu
1176 1193 1181 1203 ·
1213 1177 1261 1225 1210

293 1241 396 1304 saltem
413 1250 545 1321 nepotes.
577 1241 708 1319 stelliger
724 1245 853 1306 mundus
868 1252 954 1305 sonet

289 1327 483 1406 flammasque
498 1327 591 1388 ethic
607 1326 699 1388 atille
715 1327 859 1389 iaculetur
875 1328 972 1405 polus.

254 1427 272 1476 d
333 1413 432 1490 Rupes
447 1413 568 1491 ligatum
585 1415 701 1489 caspiae
717 1431 826 1489 corpus
842 1414 961 1474 trahant

290 1497 396 1578 [atque
412 1501 474 1558 oles
489 1499 594 1559 auido.
618 1500 856 1572 eoi-promethea·
869 1509 986 1560 uocant

292 1587 430 1660 scopuli?
445 1592 578 1658 cupetur
591 1586 708 1643 uertice
721 1586 854 1644 inmenso
867 1583 970 1664 seros]

289 1667 486 1747 uolucresque
502 1685 628 1745 pascens
644 1666 764 1728 Caucasi
781 1667 939 1746 abruptum
957 1668 1033 1730 latus

290 1753 462 1832 nudumque
476 1752 567 1813 siluis.
591 1750 639 1811 illa
656 1769 733 1829 quae
749 1759 870 1829 pontum
888 1753 1011 1833 scythen

287 1836 460 1915 Symplegas
475 1845 566 1906 artat,
583 1836 652 1896 hinc
668 1845 698 1897 et
712 1837 781 1896 hinc
797 1839 910 1898 uinctas
925 1857 1032 1899 manus

287 1921 435 1982 distendat
449 1920 516 1982 alto.

248 2017 274 2076 d'
547 2006 679 2084 Cumque
694 2016 833 2068 reuocata
849 2008 914 2068 uice

286 2092 315 2151 in
332 2109 364 2153 se
380 2089 501 2154 coibunt
515 2109 644 2171 saxaque
660 2093 689 2152 in
706 2092 819 2154 caelum
836 2094 1002 2171 expriment
1216 2109 1264 2159 taut

286 2178 358 2237 actis
374 2183 521 2256 utrimque
536 2176 661 2255 rupibus
675 2178 805 2239 medium
824 2196 915 2246 mare.

286 2280 341 2341 ego
357 2264 486 2342 inquieta
502 2264 646 2323 montium
662 2265 774 2323 iaceam
787 2282 880 2324 mora.
1216 2280 1264 2329 1111

251 2368 268 2417 d
329 2361 438 2409 anun.
470 2348 606 2409 Nondum
622 2346 749 2409 tumultu
766 2356 870 2427 pectus
886 2351 1007 2409 attonito
1023 2368 1131 2413 carens
1219 2362 1280 2415 mat*

286 2434 411 2493 mutauit
425 2435 484 2493 icas
499 2434 638 2511 quodque
652 2432 742 2494 habet
757 2435 910 2513 proprium
928 2435 1020 2504 luron,

284 2519 314 2577 in
330 2520 438 2598 seipse
455 2520 557 2579 saeuit.

284 2616 387 2664 nnuc.
592 2607 674 2665 clusa
690 2604 834 2664 lunianum
851 2602 914 2665 loca

285 2697 314 2748 et
329 2689 492 2749 interorum
509 2706 612 2750 carcer
628 2697 657 2749 et
671 2692 748 2749 sonti
764 2688 848 2767 plaga

352 2896 417 2945 1203
430 2910 504 2943 nunc
517 2908 602 2957 quero
619 2894 647 2943 V
648 2894 712 2943 uta
729 2889 740 2959 ss
759 2893 824 2943 1205
836 2907 936 2943 neruos
948 2893 974 2942 E
991 2910 1106 2945 neruum
1117 2900 1167 2961 φΑ
1179 2894 1191 2964 ll

282 2964 310 3013 ui
321 2964 437 3013 cedente
447 2962 514 3011 mihi
524 2962 550 3010 E
561 2963 609 3011 uix
619 2960 762 3011 cedentem
774 2962 823 3011 VP
834 2962 1009 3011 uixrecenfl
1023 2965 1068 3013 uix
1078 2966 1133 3013 iam
1143 2968 1201 3018 ced.

281 3032 414 3096 Epatiacus
437 3047 508 3095 pane
522 3030 580 3080 ced.
593 3031 701 3080 RVoss.
724 3031 772 3079 uix
789 3045 860 3095 pena
880 3029 939 3079 ced.
953 3030 1024 3095 Moy.
1049 3035 1128 3081 iuxta
1143 3034 1202 3086 ced.

280 3116 339 3150 mss.
364 3100 530 3163 Neapolitani
556 3100 623 3148 unde
649 3098 733 3147 iusta
757 3097 816 3150 ced.
837 3098 885 3149 Bo.
924 3113 993 3163 pene
1018 3100 1199 3150 luctantem

286 3168 365 3218 With.
389 3169 497 3217 inuita
514 3168 608 3231 scripsi
672 3167 738 3217 1207
756 3167 814 3215 Am.
835 3166 962 3217 'l'acuere
983 3166 1015 3216 V1
1040 3164 1052 3233 Η
1082 3170 1148 3218 1212
1173 3175 1202 3219 et

281 3243 340 3286 ante
358 3237 403 3286 hic
423 3236 495 3286 obest
516 3237 539 3285 V
546 3236 609 3285 1114
667 3236 741 3284 1214.
761 3235 827 3285 1215
845 3236 929 3284 delecti
952 3230 1061 3305 llul²l5
1079 3241 1202 3301 uagetur

281 3305 338 3354 EV
353 3306 549 3369 uageluaR13
559 3320 602 3367 pr.
616 3320 647 3357 m.
676 3304 828 3368 paraturA
852 3300 863 3367 ΙΙ
888 3306 952 3353 1217
972 3305 1027 3367 qV
1037 3300 1199 3369 {lstieheum

285 3373 318 3422 V¹
348 3370 360 3439 ΙΙ
389 3375 454 3423 1219
479 3372 606 3422 discedat
624 3370 658 3420 ΙΙΙ
682 3368 687 3439 Ι
724 3374 790 3424 1220
808 3372 906 3421 coibit
924 3371 1042 3424 B.Sclem.
1070 3369 1081 3437 ΙΙ
1106 3374 1198 3437 expri-

280 3449 356 3492 mant
385 3443 433 3492 VA
466 3442 656 3505 exprimunte
699 3438 854 3500 l›1·223-
870 3442 935 3489 1225
965 3444 1114 3503 transposui
1137 3450 1201 3504 post

279 3528 303 3562 u,
325 3514 389 3560 1241
414 3508 425 3577 Η
456 3512 521 3560 1228
545 3510 665 3559 attonito
681 3510 740 3558 EV
760 3507 950 3558 attonitumA
980 3504 992 3573 ΙΙ
1027 3522 1124 3558 carens
1144 3509 1204 3559 EV

282 3580 443 3633 Ctimeni.
458 3580 577 3629 Detrioni
595 3579 708 3628 caretA
740 3573 751 3643 ll
782 3578 848 3626 1228
867 3577 934 3625 furit
955 3576 1019 3639 nno
1048 3572 1060 3643 ss
1089 3578 1201 3627 ditato

279 3649 358 3699 clusa
382 3650 460 3699 With.
484 3645 496 3714 ΙΙ
