2750 4250
510 296 711 408 rotmanno
1006 342 1071 408 329

171 500 195 560 id
210 518 266 561 esse
281 502 362 579 regni
380 501 541 561 marimum
557 501 665 579 pignus
680 508 801 578 putant,

169 588 189 645 si
202 586 333 664 quicquid
346 584 413 645 aliis
429 603 487 645 non
504 584 588 654 licet,
605 583 675 646 solis
690 582 769 646 licet.

204 682 293 730 caru.
318 670 435 749 lgnouit
448 668 595 731 Helenae:
618 671 718 731 iuncta
734 668 866 731 Menelao
881 671 960 732 redit

168 773 232 831 quae
246 754 394 832 Europam
410 761 439 815 et
454 756 552 816 Asiam
569 755 691 834 paribus
706 754 819 814 adllirit
833 754 927 816 malis.
1088 764 1139 814 ato

167 852 235 900 aaa.
250 839 300 900 sed
317 838 396 901 nulla
411 840 534 901 Atriden
551 858 661 901 uenere
678 839 787 900 lurtiua
804 839 923 901 abstulit

167 942 213 985 nec
226 926 301 1003 cepit
316 925 446 985 animum
463 926 580 1003 coniugi
596 924 772 987 obstrictum
788 944 870 986 suae.

166 1010 214 1067 iam
229 1010 338 1070 crimen
354 1008 404 1071 ille
421 1011 581 1087 quaeritet
597 1026 700 1070 causas
715 1017 809 1088 parat,

167 1091 227 1151 nihil
242 1110 305 1155 esse
321 1095 411 1155 crede
426 1101 514 1171 turpe
531 1096 711 1155 conmissum
728 1093 793 1154 tibi:

167 1178 225 1256 quid
240 1178 362 1240 honesta
377 1178 501 1257 prodest
516 1180 575 1240 uita
591 1180 705 1258 flagitio
721 1196 830 1240 uacans

165 1261 207 1321 obi
222 1262 356 1325 dominus
372 1264 452 1324 oditl
474 1263 505 1324 lit
520 1282 645 1333 nocere,
662 1281 723 1324 non
739 1266 901 1342 quaeritur.

201 1346 373 1426 Spartamne
389 1358 508 1428 repetes
524 1356 623 1427 spreta
640 1356 670 1409 et
684 1348 817 1409 Eurotan
833 1356 916 1411 tuum

164 1434 320 1512 patriasque
335 1434 422 1495 sedes
437 1433 580 1512 profugat
604 1451 663 1493 non
680 1433 752 1494 dant
767 1435 876 1495 exitum

165 1516 274 1594 repudia
290 1534 406 1596 regum.
439 1535 492 1595 spe
508 1525 604 1580 metus
620 1517 690 1579 laisa
706 1517 799 1578 leuas.
1043 1530 1066 1573 r.
1082 1528 1139 1571 cvii

200 1612 293 1663 carr.
318 1602 430 1664 Delicta
447 1605 532 1663 nouit
546 1621 634 1664 nemo
652 1605 709 1663 nisi
725 1602 826 1663 lidus
842 1621 916 1664 meu.
1087 1613 1138 1664 285

164 1696 234 1745 aaa.
252 1704 311 1747 non
328 1689 419 1748 intrat
434 1706 573 1765 umquam
590 1690 707 1767 regium
723 1687 813 1748 limen
830 1688 935 1749 lidae.

199 1781 291 1832 otuu.
317 1771 431 1851 Opibus
447 1772 598 1843 merebor,
616 1780 649 1833 nt
664 1772 777 1834 iidem
793 1774 915 1851 pretio
931 1771 1068 1851 obligem.

163 1858 343 1934 respectio
359 1864 461 1936 parata
477 1858 606 1917 uincitur
622 1858 750 1937 pretio
767 1857 873 1918 tides.

198 1953 272 2000 nur.
298 1941 398 2017 Surgit
414 1941 549 2003 residuus
565 1943 709 2019 pristinae
724 1944 832 2003 mentis
845 1942 952 2020 pudor.

165 2023 225 2099 quid
240 2024 402 2106 obstrepis,
420 2027 491 2104 qnid
508 2045 582 2088 uoce
598 2025 789 2104 blandiloqua
806 2025 881 2087 mala
1089 2036 1140 2087 aab

165 2109 271 2172 consilia
286 2111 398 2173 dictas?
420 2110 532 2174 scilicet
547 2111 640 2174 nubet
654 2110 709 2172 tibi

165 2211 256 2270 regom
272 2195 377 2258 relicto
393 2214 464 2275 rege
480 2215 624 2275 generosa
641 2195 738 2258 eruli?
765 2268 769 2277 Ι

164 2290 232 2339 ano.
249 2289 278 2341 et
293 2297 347 2342 cur
363 2281 464 2342 Atrida
479 2282 584 2344 uideor
599 2282 723 2344 inlerior
739 2281 792 2342 tibi

165 2371 257 2438 gnatus
271 2365 437 2446 Thyestae?

164 2459 233 2510 rivo.
467 2453 491 2511 si
506 2470 612 2530 parum
629 2459 689 2522 est,
706 2452 782 2514 adde
796 2459 826 2514 et
840 2470 943 2533 nepos.

166 2544 236 2594 teo.
257 2545 414 2596 auctore
429 2536 578 2597 Phoebo
594 2538 710 2616 gignor.
741 2536 821 2598 baud
835 2539 956 2615 generis
971 2537 1070 2617 pudet.
1089 2546 1140 2596 295

127 2663 128 2668 η
199 2633 273 2680 nvn.
296 2619 485 2681 Phoebum
505 2621 632 2682 nelande
648 2623 748 2699 stirpis
768 2629 962 2684 auctorem
981 2640 1071 2684 uocas

167 2719 242 2779 quem
258 2714 344 2766 nocte
361 2704 455 2766 subita
472 2706 556 2767 irena
571 2715 763 2767 reuocantem
779 2726 832 2768 aua

167 2786 236 2848 caelo
252 2789 419 2868 expulistis?
442 2791 511 2868 quid
529 2791 601 2852 deos
616 2791 729 2869 probro
746 2792 900 2854 addimus?

167 2871 310 2952 subripere
325 2875 431 2936 doctus
446 2875 551 2937 fraude
567 2875 689 2954 genialis
706 2884 787 2937 toros

167 3057 355 3070 ᾖ*

223 3179 271 3229 279
288 3179 382 3229 Niehil
399 3179 425 3228 Ε
442 3179 489 3230 Nil
509 3181 533 3230 A
553 3176 565 3245 Η
585 3181 635 3230 280
652 3195 759 3230 uacans
778 3181 803 3230 Ε
822 3195 920 3231 carens
939 3180 964 3229 A
987 3176 1000 3246 Η
1022 3180 1072 3229 282

168 3239 281 3306 Spartam
293 3247 319 3295 E
338 3246 457 3312 Sparten
473 3244 519 3313 ΑΙΙ
531 3263 566 3296 ne
579 3247 631 3296 ΕΑ
650 3263 714 3297 num
732 3245 779 3314 ψΙΙ
792 3252 820 3298 et
838 3264 903 3299 euro
922 3250 1029 3298 tantum
1047 3247 1073 3296 Ε

168 3307 277 3364 Eurotan
294 3319 382 3364 tuum
401 3315 480 3370 Gran.
513 3319 541 3366 et
561 3331 577 3364 a
595 3320 672 3367 tanto
691 3318 752 3366 uiro
770 3316 795 3365 A
865 3317 917 3366 284
939 3320 1029 3366 metus
1046 3315 1072 3363 Ε

168 3383 255 3430 metum
267 3383 291 3432 A
304 3380 317 3450 ΙΙ
328 3384 379 3434 289
397 3385 448 3434 294
465 3385 515 3434 296
533 3383 615 3435 NVT.
630 3383 655 3432 Ε
673 3383 778 3435 CLYT.
793 3386 817 3434 A
852 3386 902 3434 291
921 3383 1007 3434 nnhet
1020 3383 1072 3433 ΕΑ

169 3448 255 3498 nubam
272 3453 347 3502 Voss.
370 3447 435 3516 l292
449 3465 583 3516 generoso
595 3452 621 3500 Ε
640 3466 776 3515 generosa
788 3452 813 3501 A
849 3454 900 3503 296
912 3451 1033 3502 nefanda
1047 3451 1072 3498 Ε

169 3515 301 3569 nefandae
322 3535 341 3568 oc
357 3516 361 3584 Ι
386 3520 437 3570 298
456 3519 580 3569 addimus
599 3519 624 3567 Ε
643 3519 765 3571 adnotes
784 3520 809 3569 A
859 3522 909 3570 299
929 3518 985 3570 Sub
1004 3533 1071 3583 rupe

169 3584 284 3636 reductus
301 3587 328 3636 Ε
350 3587 495 3653 Surripere
514 3586 611 3637 doetus
630 3589 654 3637 A
679 3584 691 3654 ll
715 3587 834 3652 genialis
852 3588 878 3636 Ε
905 3587 1072 3652 genialeeut

169 3653 299 3713 genitales
319 3651 428 3722 olltori
446 3655 471 3705 Ε
489 3659 564 3706 toros
583 3656 607 3704 A
631 3652 644 3722 l}
