2750 4250
498 381 501 388 .
577 349 700 396 uscue
1016 331 1097 436 Ι2Ί9

178 507 264 550 meus
278 490 356 550 intus
372 491 478 566 agitat,
494 487 618 549 uulnera
634 495 662 548 et
677 488 798 550 caedem
815 495 844 550 et
859 507 968 569 uagum

178 577 268 638 iuuus
282 593 336 654 per
354 583 445 635 artus.
476 571 552 633 leuia
568 575 733 634 memoraui
749 575 849 636 nimis:

177 661 253 722 haec
270 662 353 737 uirgo
369 660 442 730 ieci,
459 658 579 736 grauior
595 667 719 736 exurgat
735 659 830 720 dolor.

143 745 178 804 a''
220 745 332 806 Maiora
349 746 408 805 iam
423 762 472 804 me
486 741 599 804 scelera
614 754 683 822 post
699 752 800 822 partus
814 745 936 806 decent:
1115 757 1148 806 50

176 831 335 908 accingere
351 831 395 891 ira
410 836 501 909 teque
515 829 546 888 in
563 829 685 890 exitium
702 848 774 909 para

175 915 283 976 furore
297 922 368 976 toto.
400 916 483 994 paria
497 922 658 975 narrentur
670 923 722 976 tua

174 1000 303 1079 repudia
318 999 467 1060 thalamis.
498 1017 556 1078 quo
571 1000 671 1060 uirum
685 999 794 1080 linquis
809 999 917 1060 modot

174 1085 234 1146 hoc
251 1103 313 1162 quo
328 1094 430 1146 secuta
447 1101 489 1146 es.
520 1101 628 1164 rumpe
642 1086 703 1145 iam
719 1101 825 1160 segnes
842 1101 953 1146 moras:

174 1188 254 1248 quae
271 1169 386 1231 scelere
401 1176 485 1249 parta
500 1177 559 1239 est,
575 1169 690 1232 scelere
706 1168 865 1249 linquenda
881 1176 926 1232 est
941 1167 1056 1230 domus.
1115 1183 1148 1233 55

564 1436 712 1486 cuossvu.

141 1622 159 1654 a
311 1595 356 1656 Ad
371 1612 476 1672 regum
491 1593 637 1655 thalamos
652 1596 775 1655 numine
790 1611 935 1674 prospero

265 1681 319 1760 qui
334 1679 447 1740 caelum
463 1680 564 1758 superi
579 1681 690 1759 quique
705 1688 813 1758 regunt
828 1679 938 1741 fretum

266 1765 362 1826 adsint
378 1783 444 1825 cnm
460 1763 578 1844 populis
593 1765 649 1825 rite
665 1764 843 1825 fauentibus.

313 1935 445 1996 Primum
461 1934 644 2014 sceptriferis
659 1932 734 1994 colle
751 1934 921 1995 tonantibus

268 2031 373 2081 taurus
388 2017 467 2080 celsa
481 2021 557 2080 ierat
573 2026 693 2096 tergore
709 2019 848 2090 candido,

266 2105 410 2167 Lucinam
425 2105 505 2166 niuei
520 2104 628 2166 semina
645 2106 781 2184 corporis

267 2194 441 2269 intemptata
455 2193 526 2266 iugo
541 2189 639 2270 placet
653 2197 683 2251 et
698 2208 818 2269 aspera.

312 2360 413 2421 llartis
428 2361 605 2438 sanguineas
619 2378 696 2439 quae
712 2358 831 2421 cohibet
845 2379 965 2432 manus,

268 2464 348 2524 quae
363 2444 414 2506 dat
428 2444 580 2521 belligeris
594 2445 715 2507 loedere
731 2446 869 2524 gentibus

269 2538 300 2591 et
315 2548 408 2591 cornu
424 2531 533 2591 retinet
548 2530 639 2591 diuite
654 2532 787 2609 copiam,

268 2616 396 2678 donetur
413 2623 515 2677 tenera
532 2616 632 2676 mitior
647 2615 753 2678 hostia.

877 2744 894 2773 0

315 2785 360 2845 Et
373 2791 412 2845 tu
427 2785 489 2863 qui
504 2784 618 2846 lacibus
634 2784 772 2862 legitimis
788 2785 858 2847 ades

269 2878 389 2938 noctem
406 2869 568 2931 discutiens
583 2872 704 2948 auspice
719 2871 856 2941 dextera,

267 2956 328 3016 huc
342 2954 448 3016 incede
463 2955 557 3033 gradu
573 2956 722 3017 marcidus
738 2956 822 3017 ebrio

267 3040 465 3121 praecingens
480 3058 568 3101 roseo
585 3048 720 3119 tempora
736 3040 865 3102 uinculo.

252 3315 284 3362 47
303 3328 392 3377 unges
412 3328 430 3361 α
441 3308 453 3377 ΙΙ
465 3312 499 3363 53
517 3311 625 3376 linques
643 3315 669 3363 A
688 3313 792 3377 linquis
811 3322 849 3377 εψ
862 3309 918 3380 {155
937 3316 1023 3377 pactu
1041 3312 1105 3377 ouo

183 3384 268 3445 paria
285 3381 337 3431 ΕΑ
362 3377 374 3447 ΙΙ
397 3379 503 3430 scelere
520 3385 664 3445 rumpetur
680 3380 749 3433 fides
767 3382 807 3431 ou
825 3396 864 3432 sc.
883 3381 1023 3445 linquetur
1043 3378 1106 3445 (lin-

183 3453 287 3513 quetur
304 3449 340 3512 ψ)
360 3450 455 3498 domus
473 3448 498 3496 A
517 3463 555 3497 sc.
572 3447 725 3512 linquendo
744 3453 787 3499 est
805 3450 900 3500 domus
919 3450 945 3499 E
967 3446 980 3517 ll
1002 3451 1035 3501 59
1054 3451 1107 3515 pri·

185 3531 247 3565 mus
258 3518 282 3566 Α
301 3518 417 3582 primum
429 3515 455 3564 E
466 3511 478 3581 ll
493 3517 526 3565 61
545 3516 677 3566 feminam
689 3516 715 3565 Ε
725 3511 737 3583 ΙΙ
754 3520 787 3569 62
804 3518 908 3584 placet.
928 3522 957 3569 et
976 3518 1069 3584 asperi
1085 3534 1108 3567 ω

184 3600 257 3634 corr.
273 3586 339 3635 nr.
359 3586 418 3635 coll.
440 3586 519 3649 Verp.
540 3585 633 3650 Georg.
656 3586 715 3636 III.
728 3589 776 3636 56:
795 3591 842 3637 eut
860 3588 927 3653 iuga
945 3587 1107 3638 detrectans

186 3651 377 3718 interdumque
397 3667 498 3717 aspere
516 3666 609 3706 cornu.
633 3648 646 3718 ss
