2750 4250
531 321 713 371 retunsius

190 470 291 531 putauit
304 466 380 536 aula,
396 465 486 528 dubia
501 484 561 544 que
576 462 695 544 pcudus
710 461 795 524 daret

190 573 218 615 ac
229 553 379 615 fluctuanti
392 550 504 612 similis.
532 570 550 611 ε
563 549 650 611 laeuo
666 547 797 616 aethere,

190 649 274 700 atrum
288 638 421 700 cucurrit
434 634 559 698 limitem
574 634 655 695 sidus
669 633 802 696 trahens.

150 734 180 792 ,θ’
224 723 319 785 libata
334 725 365 783 iu
381 724 466 801 ignes
480 721 550 782 uina
565 726 678 781 mutatu
693 718 791 780 fluunt

189 817 297 870 cruenta
312 808 436 869 bacche.
462 809 578 885 regium
594 805 683 883 capiti
699 803 791 864 decus

189 894 226 955 bis
239 904 341 975 terque
355 893 474 973 lapsum
490 901 544 954 est
572 891 657 952 fleuit
671 890 703 950 iu
717 888 836 968 templis
851 888 937 951 ebur.

189 998 298 1042 mouere
312 988 436 1041 cunctos
451 986 601 1047 menstra,
617 975 670 1038 sed
684 973 766 1036 solus
779 973 837 1034 sibi

189 1067 306 1126 inmotus
320 1069 429 1127 Atreus
443 1071 561 1124 cunstat
574 1071 664 1138 atque
679 1059 758 1120 ultro
774 1058 845 1120 deos

190 1157 272 1211 terret
285 1152 442 1224 minantes.
468 1151 588 1229 iamque
603 1146 725 1208 dimissa
742 1161 824 1205 mora

189 1235 288 1295 adsistit
301 1236 361 1296 sris
375 1243 495 1296 toruum
511 1241 542 1294 et
554 1230 707 1311 obliquum
722 1231 851 1292 intuens.

169 1337 179 1385 f
225 1319 319 1381 leiuna
334 1319 419 1380 siluis
434 1318 556 1399 qualis
571 1319 601 1378 iu
616 1316 781 1395 gangeticis

188 1406 257 1466 iuter
270 1407 412 1466 iuuencos
427 1405 512 1483 tigris
526 1405 639 1464 errauit
653 1401 738 1470 dues,

189 1491 330 1571 utriusque
344 1490 474 1569 praedae
490 1488 594 1566 cupida
611 1485 680 1566 (quo
696 1488 827 1565 primum
842 1487 918 1549 ierat

188 1575 288 1636 incerta
303 1593 422 1636 morsus
436 1573 529 1634 ilectit
543 1573 603 1634 huc
617 1573 710 1632 rictus
725 1589 795 1634 suus

188 1657 230 1720 illc
243 1660 367 1721 reflectit
382 1667 412 1720 et
426 1659 534 1719 tamem
550 1655 670 1717 dubiam
685 1658 787 1737 tenet),

161 1752 180 1808 s'
224 1745 278 1806 Sic
293 1746 376 1806 dirus
390 1747 498 1806 Atreus
513 1744 608 1822 capita
625 1740 732 1803 deuota
747 1743 846 1822 inpiae

132 1889 135 1898 ,
189 1829 344 1906 speculatur
359 1831 433 1890 irae
459 1845 549 1907 quem
563 1829 646 1906 prius
660 1837 770 1888 mactet
785 1827 849 1898 sibi,

189 1913 305 1985 dubitat,
322 1913 454 1976 secunda
469 1913 577 1975 deiude
590 1930 679 1992 quem
696 1912 786 1974 caede
800 1911 932 1976 iumclct.

188 2016 235 2061 uec
249 2002 379 2070 interest,
395 1999 448 2060 sed
465 1997 580 2060 dubitat
595 2008 625 2059 et
639 2015 763 2059 saeuum
780 1996 877 2060 scelus

188 2085 259 2147 iuuat
273 2086 422 2148 ordinare.

189 2184 280 2235 cnon.
435 2188 524 2250 quem
538 2178 637 2232 tamen
653 2168 735 2230 ierro
751 2170 895 2248 occupati

164 2276 177 2324 g
223 2270 324 2317 uvuu.
347 2257 466 2316 Primus
480 2254 564 2315 locus
580 2254 628 2332 (ue
643 2252 747 2317 deesse
763 2256 903 2335 pietatem
918 2256 1014 2335 putes)

189 2360 235 2402 auu
250 2341 377 2412 dicatur,
395 2339 536 2401 Tantalus
551 2341 645 2417 prima
661 2339 756 2401 hostia
773 2348 827 2401 est.

189 2438 279 2487 cnon.
303 2444 361 2505 quc
377 2426 493 2487 iuuems
508 2426 619 2495 animo,
634 2444 695 2504 quc
709 2424 776 2486 tulit
791 2425 874 2486 uultu
889 2427 1013 2489 uecemi

163 2513 176 2562 h
223 2525 321 2572 uvuu.
343 2512 429 2572 Stetit
443 2511 489 2572 sui
503 2527 628 2572 securus
643 2520 673 2571 et
686 2528 748 2571 nou
764 2520 808 2572 est
821 2530 927 2591 preces
986 2532 989 2541 ’
1109 2516 1160 2565 770

190 2598 274 2673 perire
290 2598 385 2659 irusta
401 2612 517 2674 passus.
551 2603 597 2656 ast
611 2594 652 2655 illi
667 2597 749 2657 ierus
838 2622 844 2632 ·

188 2682 343 2743 inuulnere
358 2700 461 2743 ensem
476 2679 632 2741 abscondit
646 2690 676 2742 et
691 2682 808 2760 penitus
823 2699 963 2763 premens
1039 2704 1041 2711 ·

189 2766 275 2844 iugrdc
290 2785 412 2827 manum
428 2767 584 2827 commisit.
610 2765 718 2826 educto
733 2769 812 2829 stetit

188 2850 257 2912 ierro
270 2852 398 2930 cadauer
414 2848 542 2930 eumqu'e
557 2849 720 2912 dubitasset
735 2853 785 2914 diu

189 2935 234 2996 hac
246 2946 328 3016 parte
341 2956 379 2997 an
394 2935 443 2997 illa
459 2932 587 3003 caderet,
603 2936 635 2996 iu
650 2945 788 3014 patruum
804 2938 892 2999 cadit.
1107 2940 1157 2990 ⁷25

163 3015 182 3069 t'
225 3021 305 3083 Tunc
320 3022 369 3082 ille
385 3022 421 3083 ad
438 3039 505 3082 aras
520 3020 702 3083 Plisthenem
718 3041 825 3085 saeuus
839 3021 930 3083 trahit

188 3105 318 3187 adicitque
335 3107 430 3176 tratri,
449 3104 523 3168 colla
538 3124 680 3186 pereussa
696 3117 841 3187 amputat,

190 3225 375 3235 ———-—-—-——-

243 3295 292 3344 704
308 3293 376 3344 deas
394 3310 414 3343 α
437 3292 503 3343 deos
520 3301 564 3357 ape
585 3288 599 3359 Η
622 3295 671 3343 706
691 3293 803 3343 assiluit
820 3294 845 3344 A
869 3292 982 3342 adsistit
999 3292 1048 3357 Εψ
1065 3289 1077 3359 Η

188 3358 227 3409 709
242 3363 340 3425 primos
359 3378 378 3412 α
399 3362 516 3427 primum
533 3360 583 3425 Εψ
606 3357 618 3427 ΙΙ
641 3363 691 3412 710
708 3361 761 3413 hcc
779 3361 804 3410 Ε
821 3362 876 3410 huc
888 3362 914 3411 A
937 3356 949 3426 ll
972 3361 1021 3410 712
1039 3362 1089 3409 du-

188 3439 224 3476 rus
245 3429 293 3480 ER
325 3430 402 3480 dirus
420 3430 445 3480 A
482 3426 494 3495 ΙΙ
529 3431 579 3480 713
603 3429 762 3493 speculator
779 3430 829 3480 Eli
852 3428 889 3491 (in
909 3430 933 3479 lt
954 3444 1087 3491 suprascr.

189 3494 276 3558 al'tur)
296 3498 458 3563 speculetur
474 3498 500 3548 A
522 3492 536 3563 Ι]
559 3502 664 3547 mactet
682 3499 777 3563 stygi
795 3500 828 3549 ci.
841 3499 918 3549 NHs.
941 3492 953 3561 ll
977 3498 1027 3547 714
1045 3513 1087 3547 se-

189 3564 290 3615 cundam
307 3567 332 3615 Ε
354 3565 476 3617 secunda
494 3566 521 3615 A
545 3560 557 3631 ΙΙ
582 3567 632 3617 710
649 3569 758 3615 tantum
777 3566 823 3629 (al'
837 3566 1032 3619 waudraeus.
1045 3565 1082 3629 Ii)

188 3630 262 3683 scelus
279 3636 305 3685 A
332 3649 446 3685 saeuum
464 3648 504 3683 sc.
523 3634 549 3683 Ε
578 3629 590 3699 ΙΙ
