2750 4250
531 291 703 404 ¹r‘rrrrrenna
1022 340 1083 404 155

176 496 281 572 reponit
295 495 413 555 aniruol
435 495 616 576 quambene
632 496 799 557 excideram
816 495 897 556 milri.
924 529 958 540 -

176 594 256 639 uren.
273 597 327 640 cur
343 579 431 641 dulce
446 597 553 642 munus
567 580 702 641 redditae
718 580 792 641 lucis
808 581 902 660 iugis?

175 679 222 724 era.
237 664 331 726 aude
346 666 467 726 anime
483 672 602 744 tempta.
633 683 743 745 perage
758 666 929 728 mandatum
945 675 1038 726 tuum.
1100 673 1151 723 000

175 750 309 827 intrepida
325 755 463 811 constent
477 748 584 811 uerba:
608 751 658 828 qui
673 750 777 811 timide
793 757 877 830 rogat

176 834 252 894 docet
265 851 385 912 negare.

149 917 168 976 ι’
336 962 341 970 .
412 919 518 997 llagua
534 937 604 998 pars
618 920 741 982 sceleris
757 921 815 982 mei

175 1003 234 1064 olim
250 1011 367 1082 peracta
384 1011 445 1066 est:
469 1023 554 1065 serus
569 1012 614 1065 cst
628 1004 715 1065 uobis
730 1005 845 1083 pudor:

175 1092 327 1150 amouimus
342 1089 484 1149 uelanda:
508 1091 533 1148 si
548 1098 653 1168 coepta
668 1107 829 1168 exsequor,

174 1174 265 1234 iorsan
279 1173 370 1251 iugali
386 1174 498 1234 crimen
514 1173 696 1235 abscondam
711 1177 785 1236 lace.
924 1247 927 1253 Ι
1099 1179 1149 1229 cot

175 1258 289 1319 honesta
305 1258 451 1338 quaedem
467 1257 579 1319 scelera
595 1277 754 1320 successus
769 1259 847 1320 lacit.
916 1283 918 1288 ·
1028 1291 1031 1298 ⁴

148 1340 174 1397 a''
215 1343 262 1402 En
277 1344 403 1422 incipe
418 1344 544 1404 anime.
562 1377 602 1390 -
623 1341 930 1420 commodes·paulum
947 1349 1055 1422 prec'or

179 1435 302 1489 secretus
316 1445 414 1488 aures.
444 1431 468 1487 si
484 1429 550 1506 quis
565 1435 610 1489 est
624 1428 710 1488 abeat
726 1446 836 1488 comes.
863 1463 868 1473 ·

175 1525 258 1573 ntro.
275 1530 312 1573 en
327 1512 412 1572 locus
427 1511 465 1572 ab
481 1515 562 1574 omni
577 1511 654 1574 liloer
669 1512 792 1575 arbitrio
809 1521 903 1574 uacat.

175 1610 225 1655 00.
240 1597 290 1658 sed
305 1615 357 1658 ora
373 1599 487 1675 coeptis
502 1599 658 1658 transitum
674 1597 777 1658 uerbis
793 1605 910 1675 negant.
1099 1601 1161 1652 ato·

178 1683 218 1740 nis
232 1699 334 1760 magua
349 1699 456 1742 uocem
473 1683 578 1742 emittit
593 1689 623 1742 at
638 1683 839 1744 mainr‘tenet.

148 1772 162 1819 0
213 1765 269 1826 llos
282 1773 374 1827 testor
390 1784 495 1828 omnes
509 1766 646 1836 caelites,
664 1767 723 1828 hoc
738 1767 817 1846 quod
834 1765 903 1828 nolo
922 1801 957 1810 -

177 1849 334 1931 [menotio]

176 1948 260 1995 0100.
275 1938 429 1997 animnsne
445 1936 567 2014 cupiens
582 1935 693 2015 aliquid
709 1937 793 1997 ellari
808 1936 928 2015 nequit?

177 2033 225 2078 00.
241 2039 327 2082 curae
341 2020 425 2082 leuas
440 2020 602 2100 loquuntur
618 2023 753 2098 ingentes
769 2028 898 2099 stupent.
1099 2025 1149 2075 610

177 2117 260 2165 nter.
275 2108 415 2168 conmitte
431 2124 518 2168 curas
534 2105 657 2168 auribus
674 2114 792 2168 mater
808 2106 892 2168 meis.

147 2185 168 2243 o'
214 2205 265 2253 rra.
286 2193 414 2253 llatris
428 2191 592 2269 superbum
608 2201 654 2251 est
668 2210 777 2252 nomen
790 2199 820 2251 et
831 2192 953 2251 nimium
966 2198 1080 2270 potens,

178 2284 284 2338 nostros
297 2276 440 2337 humilius
455 2293 563 2364 nomen
579 2276 702 2337 allectus
718 2276 811 2336 decet.

177 2378 219 2421 me
233 2360 277 2421 uel
291 2379 426 2421 sororem
442 2360 598 2440 Hippolyte
613 2360 661 2423 uel
675 2360 815 2421 lamulam
832 2378 905 2421 noca

135 2490 142 2510 ,
178 2446 364 2523 famulamque
379 2447 494 2523 potius:
518 2464 607 2507 omne
621 2447 776 2507 seruitium
793 2446 895 2506 ieram.
1099 2451 1150 2527 600

152 2551 163 2581 c
215 2529 275 2589 Non
289 2549 335 2591 me
351 2548 405 2607 per
421 2529 494 2591 altas
509 2531 554 2591 ire
567 2533 593 2592 si
608 2529 712 2591 iubeas
728 2533 812 2591 niues

179 2614 266 2690 pigeat
278 2614 382 2692 gelatis
396 2614 512 2692 ingredi
527 2614 613 2675 Pindi
627 2617 718 2693 iugis,
1059 2627 1081 2668 F·
1092 2626 1185 2667 Lxxvl

179 2715 232 2757 non
245 2702 267 2760 si
281 2719 334 2779 per
350 2702 434 2778 ignes
448 2702 493 2760 ire
509 2709 538 2760 et
553 2702 657 2761 infesta
674 2700 790 2777 agmina

179 2793 288 2846 cuncter
302 2787 415 2864 paratis
430 2785 552 2846 ensibus
568 2794 672 2863 pectus
687 2785 769 2845 dare.

179 2868 1045 2949 mandatarecipesceptra,melamulamaccipe:
1100 2877 1150 2927 000

181 2949 233 3029 [Te
244 2958 369 3031 imperia
383 2974 506 3030 repere,
523 2974 571 3015 me
585 2958 671 3017 decet
684 2960 768 3017 iusso
782 2952 932 3033 enseque]

155 3031 172 3087 e'
219 3037 352 3100 lluliebre
368 3057 427 3099 non
443 3047 488 3099 est
503 3057 594 3118 regna
610 3042 699 3101 tutari
715 3044 815 3100 uirum

181 3126 209 3180 lu
222 3125 265 3199 qni
278 3125 415 3186 iuuentae
429 3123 504 3184 liora
518 3125 672 3203 primaeuo
687 3126 773 3201 uiges

182 3281 369 3295 -ᾒ-,ι
387 3277 391 3286 ¹

240 3377 285 3427 oss
302 3378 380 3427 ree.
398 3378 449 3442 uo
467 3394 513 3429 om.
531 3380 556 3427 A
573 3375 585 3444 p
605 3382 656 3428 eoo
672 3378 808 3427 00000.
828 3378 877 3439 ap
895 3394 942 3429 om.
962 3378 986 3426 A
1004 3374 1016 3443 p
1033 3378 1084 3428 ooo

182 3454 231 3489 non
244 3443 294 3494 ista
311 3446 336 3494 Ε
353 3447 473 3497 honesta
490 3446 516 3495 A
527 3441 541 3511 Π
552 3448 602 3498 008
620 3450 743 3496 secretas
761 3443 809 3511 ΕΗ
825 3448 873 3495 011
894 3451 922 3495 ot
935 3445 983 3506 Eo
1001 3450 1031 3494 ul
1044 3460 1063 3494 α
1074 3441 1083 3511 {l

183 3508 226 3557 013
240 3525 278 3561 me
294 3513 368 3563 nolle
386 3514 453 3564 Itan
471 3516 521 3563 duo
539 3514 606 3563 Pali.
623 3515 649 3576 ’ψ
667 3530 714 3566 om.
734 3515 758 3563 Α
772 3510 783 3579 ll
795 3514 844 3563 oto
863 3515 912 3563 del.
931 3514 997 3563 Ii.P.
1010 3509 1021 3578 ll
1033 3514 1083 3563 027

183 3578 257 3626 tutari
267 3582 352 3643 patris
363 3582 389 3631 A
402 3586 494 3631 tutare
507 3582 615 3631 urbium
628 3582 718 3645 EllErp
734 3582 820 3631 lutari
833 3582 930 3630 uirum
942 3585 983 3629 uir
995 3582 1085 3631 doctus

183 3644 306 3710 adscripsit
321 3652 404 3700 codici
425 3651 551 3700 Vescinae
564 3646 576 3715 ΙΙ
