2750 4250
280 343 356 390 XLII
649 337 848 387 PRAEFATIO

279 518 340 557 nem
361 507 487 557 notarum
507 498 696 573 Lipsiaaarnm
717 499 857 555 adleuerat
877 507 905 554 et
925 514 1007 572 quem
1028 495 1075 553 ‘in
1098 497 1231 572 pluribus

280 586 447 642 conformem
462 582 609 659 lipsiano’
627 584 693 640 dicit
709 579 810 657 l‘nimis
825 583 961 640 nouitium
975 582 1127 657 exemplar'
1144 592 1231 640 uocat

279 670 387 744 Lipsius
409 672 436 726 in
458 669 536 743 epist.
553 668 586 725 ad
600 668 645 724 rr.
660 669 744 743 llapb.
764 668 849 724 lilium
867 667 937 724 data.
982 668 1022 724 Cf.
1044 667 1231 742 epistolarum

280 755 443 812 selectarum
463 753 568 811 chilias.
598 747 976 829 Francol.unxxvr1[sie])
999 769 1066 809 usus
1090 762 1134 810 est
1156 771 1232 828 quo·

279 839 340 895 dam
355 839 547 896 Parisiensi
564 838 610 910 (cl.
629 840 687 895 eius
703 838 764 895 adu.
780 839 814 894 ad
829 837 950 895 1111847
967 839 1003 895 Hr
1014 837 1054 896 23
1068 837 1131 896 815
1142 837 1231 910 859).

287 967 293 985 .
343 945 595 1007 cammerinos
617 946 736 1021 (1589)
757 957 786 1004 et
800 945 987 1006 Gruterus
1008 947 1134 1020 (1604).
1183 949 1230 1005 Eis

278 1042 389 1106 praesto
413 1040 491 1091 erant
509 1031 663 1089 Palatini
685 1042 765 1089 octo
787 1041 815 1088 et
835 1033 972 1105 interpres
990 1032 1132 1089 Palatinus
1163 1034 1232 1107 ‘qui

279 1135 328 1174 sua
348 1119 488 1193 inscripsit
501 1116 559 1173 Joa.
576 1115 762 1174 llotticellae'.
796 1117 834 1174 Ex
850 1116 892 1172 bis
906 1117 985 1173 libris
1006 1118 1060 1173 duo
1077 1135 1151 1191 quos
1168 1118 1231 1174 Pa·
1297 1134 1298 1205 p

279 1202 468 1260 latinorum
490 1201 603 1276 bigam
625 1210 725 1258 uocant
740 1210 766 1257 et
780 1209 919 1259 uetustate
935 1209 963 1258 et
978 1202 1101 1259 bonitale
1117 1211 1232 1259 ceteros
1297 1228 1298 1231 ¹

279 1304 326 1344 ser
346 1288 430 1360 longe
450 1293 580 1362 superant
607 1284 650 1360 (in
669 1287 797 1361 catalogo
818 1287 980 1342 Gruteriano
1002 1285 1066 1342 bibl.
1087 1287 1231 1343 Palatinae

280 1375 326 1447 qui
347 1380 389 1429 est
410 1374 437 1429 lu
458 1371 523 1429 bibl.
539 1370 739 1446 Hambnrgensi
755 1372 822 1429 haec
842 1371 987 1445 leguntur:
1010 1367 1151 1429 ‘Senecae
1176 1382 1231 1429 tra·

278 1459 392 1530 goediae
408 1458 503 1514 series.
520 1449 533 1535 Ι)
548 1456 579 1511 ln
595 1455 714 1512 Senecae
729 1456 860 1530 Tragoed.
877 1455 1038 1513 Commeat?
1074 1456 1231 1530 Serapeum
1298 1456 1300 1563 )

277 1559 311 1600 xa
325 1561 353 1616 p.
364 1542 445 1614 188).
474 1542 618 1598 Praeterea
634 1540 881 1597 boloniensem
895 1539 1024 1596 librum
1040 1540 1231 1597 Commelinus
1298 1583 1300 1627 l

279 1627 396 1684 contulit
416 1625 545 1688 membr..
566 1624 611 1682 oui
626 1624 739 1682 deerant
755 1625 819 1682 Oed.
835 1625 1004 1682 428-470
1026 1622 1067 1699 (nt
1084 1628 1112 1681 in
1129 1625 1230 1702 1114).
1298 1636 1299 1721 p

277 1705 701 1784 6101.1(113.850001.86).
737 1711 929 1784 Hodieuaeque
944 1709 1072 1766 Coloniae
1088 1719 1166 1766 errat
1183 1728 1232 1768 ne·
1298 1724 1299 1789 l

278 1814 330 1869 qne
347 1796 512 1851 llarmstadii.
1298 1792 1299 1839 l

340 1895 376 1953 1).
399 1893 586 1954 Heinsius
606 1894 723 1968 (1611)
751 1895 860 1969 Dionysi
883 1893 1009 1950 Villeri
1035 1896 1138 1952 librum
1162 1915 1232 1954 eon·

276 1990 417 2037 memorat.

341 2078 561 2141 Scriuerius
583 2080 698 2157 (1621).
734 2080 840 2138 Nullius
862 2088 927 2139 suut
948 2081 1019 2156 preli
1040 2101 1110 2157 quae
1132 2083 1232 2141 lsaa·

278 2186 335 2225 cus
357 2169 536 2225 Pontanus
559 2167 698 2225 Scriuerio
720 2167 870 2223 transmisit
898 2176 1025 2241 excerpta
1048 2185 1080 2223 ex
1102 2168 1232 2227 Canta·

278 2252 455 2325 brigiensi
472 2253 516 2308 uel
531 2253 731 2326 Anglicano
746 2251 950 2308 membranaceo
967 2261 994 2306 et
1010 2252 1230 2310 Gruseriano

277 2336 321 2394 uel
337 2336 521 2393 Basiniano
543 2337 684 2394 chartaceo
701 2337 819 2393 Thomae
835 2336 925 2392 basini
942 2336 1143 2416 arebiepiscopi
1159 2338 1230 2395 Cae·

276 2423 419 2485 soriensis,
435 2430 532 2495 postea
548 2421 694 2479 llermanni
710 2421 830 2477 Cruserii
847 2419 1014 2494 Campensis.

340 2528 369 2588 J.
384 2529 417 2590 F.
434 2528 657 2590 Gronouius.
684 2532 713 2587 lu
729 2534 787 2587 eius
803 2530 1000 2587 commentario
1016 2541 1127 2604 praeter
1142 2532 1230 2589 Etru·

277 2632 354 2672 scum
369 2625 588 2673 conmemoratur
601 2634 668 2689 prae
684 2617 783 2673 ceteris
798 2616 987 2672 Vossianus
1003 2614 1136 2672 ‘melior'.
1165 2617 1228 2674 iru-

277 2708 334 2755 stra
355 2700 539 2773 quaesinimus
566 2700 703 2774 exemplar
729 2699 796 2755 illud
816 2699 983 2755 diuenditum
1004 2717 1036 2755 ex
1057 2699 1228 2760 bibliotheca

276 2783 441 2841 Santeuiana
451 2784 535 2857 bugd.
547 2787 603 2842 Bal.
621 2802 645 2841 a.
661 2784 743 2842 1800
758 2783 799 2839 ‘la
810 2786 912 2840 Annaei
924 2784 1043 2841 Senecae
1059 2792 1129 2859 trag.
1139 2789 1228 2844 butu.

279 2869 359 2926 1607
375 2870 400 2925 J.
408 2869 436 2924 7.
444 2869 551 2925 Gronov
567 2869 684 2925 contulit
699 2885 759 2925 cum
775 2884 840 2924 mss.
858 2868 975 2925 Vossii'.
1006 2869 1143 2926 luindioe
1158 2888 1229 2929 mss.

278 2951 354 3008 codd.
370 2953 454 3008 lsaaci
471 2952 548 3009 Vossi
571 2955 733 3010 concinnato
752 2972 767 3010 a
786 2953 871 3010 Paulo
887 2953 1041 3009 Columesio
1064 2953 1229 3026 (Columesii

277 3035 409 3107 opuscula
426 3036 467 3091 ed.
477 3036 616 3093 Fabricius
628 3038 723 3095 Hamb.
735 3038 842 3109 muel:
865 3056 892 3111 p.
906 3037 967 3094 865
984 3036 1058 3093 1124
1075 3046 1103 3094 et
1118 3057 1147 3113 p.
1162 3042 1228 3099 878

277 3136 304 3174 n.
321 3117 381 3175 195
402 3117 564 3177 Senecarum
580 3124 735 3198 tragoediae
751 3142 777 3197 p.
794 3121 856 3181 894
872 3139 897 3178 u.
915 3120 955 3178 92
977 3122 1079 3179 Seneca
1102 3125 1229 3197 tragicus

185 3224 193 3241 =
278 3200 386 3256 Gruteri
403 3218 463 3257 cum
479 3221 543 3261 mss.
559 3208 694 3266 conlatus.
719 3238 755 3249 —
780 3207 954 3264 llontiaucon
970 3225 997 3282 p.
1015 3207 1114 3266 68001
1137 3208 1227 3267 ‘mss

278 3285 361 3339 lsaaci
382 3284 470 3341 Vossii
496 3288 579 3350 2520
598 3293 761 3352 Seneoarum
782 3290 977 3365 Tragoediae'.
1018 3292 1229 3350 Florentini

277 3368 340 3423 duo
363 3366 400 3439 (u.
416 3368 509 3427 llonll.
526 3394 552 3449 p.
570 3378 631 3436 315
647 3398 687 3455 sq.
710 3376 906 3437 11251--430ο
926 3376 1073 3433 bandinius
1094 3394 1122 3449 p.
1139 3377 1228 3451 247),

279 3452 475 3516 Foriensis,
492 3456 683 3521 Germanioi
700 3460 1227 3522 (10000110001110010101110711685

276 3536 325 3607 Ag.
343 3534 423 3607 938),
440 3538 643 3613 Grotianus,
664 3552 717 3607 nisi
734 3551 803 3607 idem
820 3554 863 3603 est
878 3562 909 3601 ao
921 3544 1068 3601 Vossianus
1085 3546 1121 3603 cl.
1138 3546 1228 3603 Gron.

275 3618 309 3673 ld
324 3620 455 3678 Ts⁰·997
468 3623 616 3704 Hippana
633 3630 743 3693 diod.
758 3632 879 3691 lleinsi
899 3627 968 3684 alter
983 3631 1069 3685 maior
1087 3631 1228 3689 ’110757
