2750 4250
538 368 717 420 nurnsnns
1043 359 1087 426 es

143 519 166 576 ρ’
311 509 388 570 Hinc
403 507 485 570 illino
500 509 632 586 grauidis
645 509 803 572 frondibus
817 510 939 574 incubat
1105 533 1154 586 155

271 604 300 655 et
314 601 436 656 curuata
451 595 514 655 suis
527 593 637 656 fetibus
651 613 687 656 ac
700 605 834 658 tremens

269 678 381 740 adludit
395 679 502 759 patulis
517 679 608 740 arbor
622 680 761 743 hiatibus.

143 859 160 908 a
176 859 240 932 (in.)
268 935 284 996 d
309 849 390 910 Haec
405 851 541 950 quarnuis
556 850 662 912 auidus
676 869 734 912 nee
747 854 865 997 patiens
881 871 983 916 morae

267 941 879 1101 ritibattribuissentn

265 1104 446 1185 inclusisque
461 1107 570 1166 samem
584 1105 724 1168 dentibus
739 1105 856 1186 adligat.

144 1283 157 1315 θ
307 1274 367 1336 Sed
383 1282 455 1336 tune
470 1274 587 1337 diuitias
601 1293 690 1337 omne
706 1293 812 1338 nemus
825 1294 892 1338 suas

265 1360 392 1421 demittit
406 1361 531 1439 prepius
545 1379 695 1440 pomaque
709 1361 838 1440 desuper

264 1444 406 1506 insultant
421 1443 499 1530 foliis
514 1447 595 1507 mitia
610 1445 757 1524 languidis

265 1530 489 1611 ascenduntque
503 1530 518 1590 i
521 1549 636 1592 amem
656 1549 734 1612 quae
748 1531 831 1594 iubet
846 1533 949 1594 inritas

265 1633 407 1676 exercere
422 1625 537 1678 manus.
564 1616 618 1678 bas
633 1615 685 1678 ubi
702 1616 823 1696 protulit

264 1708 292 1761 et
306 1699 368 1761 iaiii
381 1699 482 1762 libuit:
499 1709 579 1762 totus
594 1703 624 1762 in
639 1701 767 1763 arduum

264 1792 424 1847 autumnus
438 1788 555 1865 rapitur
568 1785 703 1866 siluaque
718 1786 844 1848 mobilis.

303 1955 397 2017 Instat
411 1955 519 2017 deinde
534 1957 618 2018 sitis
634 1973 695 2017 non
709 1955 805 2018 leuior
819 1957 929 2028 ieme,

262 2059 320 2122 qua
334 2058 404 2101 eum
418 2041 563 2120 percaluit
578 2043 699 2121 sanguis
715 2049 744 2103 et
758 2041 851 2120 igneis

261 2129 372 2189 exarsit
388 2127 520 2189 facibus:
537 2135 596 2189 stat
610 2130 702 2189 miser
718 2127 823 2189 obuios

259 2211 367 2273 fluctus
382 2230 435 2273 ure
449 2220 565 2291 petens,
581 2232 655 2293 qnos
669 2213 814 2293 proiugus
828 2213 904 2276 latex

259 2298 367 2360 auertit
382 2298 476 2360 sterili
491 2298 726 2361 deficiensuado

259 2392 475 2464 conantemque
490 2385 574 2463 sequi
590 2384 710 2454 deserit,
727 2383 774 2445 bie
789 2382 865 2446 bibit

259 2466 349 2529 altum
365 2468 403 2531 de
418 2466 522 2548 rapide
537 2470 654 2549 gurgite
670 2468 833 2548 puluerem.

417 2629 809 2673 *qtiitssss

420 2753 565 2803 ATREVS.
590 2754 777 2805 SATELIAES.

143 2868 156 2901 ⁸
242 2861 351 2939 lgnaue
365 2863 447 2923 iners
463 2865 583 2923 eneruis
598 2870 627 2925 et
642 2862 723 2943 quod
738 2862 898 2925 maximum

167 2941 297 3018 probrum
313 2955 440 3026 tyranne
454 2947 546 3008 rebus
560 2950 591 3009 in
607 2948 730 3010 summis
752 2965 821 3008 reor

169 3026 264 3101 inulte,
279 3038 349 3111 pest
362 3037 408 3094 tot
423 3031 537 3095 seelera
551 3040 620 3111 post
633 3031 734 3094 fratris
750 3032 834 3093 doles

168 3110 256 3194 fasque
271 3135 360 3179 omne
376 3124 498 3196 ruptum
514 3117 668 3196 questibus
682 3119 768 3179 uanis
783 3119 846 3197 agis
1124 3174 1128 3193 ,

168 3197 246 3263 iratus
259 3202 385 3265 Atreus?
407 3203 537 3265 iremere
552 3203 611 3265 iam
625 3210 705 3266 totus
721 3204 777 3265 tuis
1090 3222 1138 3271 180

170 3317 355 3335 ⁶⁸⁸⁴—-

224 3391 269 3440 164
285 3392 403 3442 insultat
420 3390 446 3440 Ia*
474 3387 488 3458 ss
515 3393 565 3443 1⁷2
587 3404 693 3442 noeane
711 3390 737 3441 Α
765 3394 862 3457 petens
880 3392 951 3443 Ebu
979 3388 991 3459 ΙΙ
1021 3392 1070 3444 lib

167 3454 228 3512 inem
242 3462 361 3511 cumanis
384 3459 526 3524 abreptum,
539 3475 596 3510 erre
616 3461 683 3510 radit
699 3457 826 3526 Scaliger.
863 3456 877 3528 H
915 3459 1068 3514 ATREVS.

170 3518 299 3587 SERVVS.
318 3529 345 3579 A
380 3526 533 3581 ATREVS.
556 3526 757 3582 SATELLES.
775 3528 825 3579 ER
849 3526 897 3594 (sic
917 3546 969 3596 per
993 3536 1069 3583 totam

169 3594 280 3666 foemam)
308 3593 321 3665 ss
351 3598 400 3647 lta
437 3598 534 3649 nobum
550 3596 576 3646 E
599 3593 612 3664 [l
636 3598 685 3647 180
703 3596 760 3647 iras
774 3602 802 3649 et
816 3594 867 3661 (uel
879 3596 925 3663 ed)
938 3598 1026 3664 Argos
1043 3598 1067 3647 A

169 3664 383 3717 uatusatreusE
411 3612 436 3732 ΙΓ
449 3669 538 3716 totum
556 3666 581 3715 A
599 3669 673 3718 tetus
692 3664 717 3715 E
740 3661 752 3732 Η

210 3778 325 3820 ΒΕΠΟΔΕ
345 3782 429 3820 ΤΒΔΘ,
844 3748 865 3812 5
