2750 4250
281 345 346 412 252
564 361 595 407 u.
612 361 746 408 anunm
763 360 920 408 eunucus

249 501 275 560 ‹1'
327 515 383 562 vt.
407 499 501 562 Stulta
516 510 562 561 est
577 499 650 561 tides
665 497 765 560 celare
781 500 858 579 quod
876 501 986 578 prodas
1001 503 1117 562 statim.

283 600 390 647 ΔΜ
415 586 546 646 animosa
562 584 660 645 nullos
676 593 772 644 mater
788 585 915 645 admittit
930 594 1037 646 metus.

284 685 341 732 vu.
366 671 414 731 iric
429 672 494 747 ipse
509 687 569 747 quo
585 687 665 730 onoc
682 679 841 730 contumax
857 680 972 746 perstas
988 689 1075 731 amor

284 754 442 817 consulere
457 756 559 833 parnis
573 753 676 814 liboris
693 753 808 815 llanaos
823 763 934 815 monet.
1258 817 1261 824 „

284 848 353 920 post
367 857 448 899 arma
464 847 523 899 tam
539 837 698 915 longinqua
715 847 783 917 post
798 856 892 899 annos
907 840 1009 900 decem
1219 829 1261 908 toni

284 927 383 985 minus
397 926 532 984 timerem
549 942 623 1002 quos
639 924 708 983 lacit
723 923 846 984 Calchas
862 933 972 992 metus,

284 1011 310 1069 si
324 1009 396 1069 milri
412 1009 561 1069 timerem:
579 1007 655 1069 bella
670 1007 849 1068 Telemacho
865 1028 962 1088 paras.

252 1096 287 1155 e''
330 1107 436 1154 ANDR.
459 1093 554 1153 lnuita
571 1091 668 1152 Vlixes
682 1093 822 1169 gandium
839 1093 946 1154 Danais
962 1094 1057 1160 dabo:

285 1178 416 1239 dandum
431 1185 484 1238 est.
517 1178 609 1237 latere
625 1195 700 1254 quos
717 1172 828 1256 premis
843 1177 941 1239 luctus
955 1179 1053 1240 dolor.

286 1263 412 1341 gandete
426 1262 547 1323 Atridae
562 1270 653 1340 tuque
667 1261 808 1330 laetifica,
826 1272 858 1322 ut
872 1262 964 1332 soloe,

285 1350 366 1409 refer
382 1346 527 1425 Pelasgis:
544 1346 682 1408 Hectoris
697 1346 799 1424 proles
814 1347 885 1407 obit.

286 1447 341 1493 vu.
366 1440 396 1493 et
410 1449 476 1492 csse
491 1450 597 1492 uerum
614 1431 672 1492 hoc
687 1451 744 1510 qua
761 1432 871 1509 probas
886 1433 994 1492 Danais
1009 1434 1094 1494 lide?

252 1529 266 1577 f
329 1531 434 1578 ANDR.
458 1516 500 1577 lta
517 1516 596 1594 qnod
612 1518 721 1577 minari
736 1519 896 1577 maximum
913 1519 1008 1578 uictor
1024 1529 1133 1596 potest

287 1606 438 1679 contingat
453 1609 483 1663 et
497 1621 545 1662 mc
562 1602 618 1662 lala
634 1611 752 1662 maturo
768 1605 847 1662 exitu

287 1688 422 1766 facilique
438 1686 555 1747 soluant
569 1705 604 1746 ac
620 1705 686 1747 meo
703 1687 832 1747 condant
845 1686 909 1747 solo

287 1782 317 1833 et
332 1773 425 1850 patria
441 1770 527 1831 tellus
542 1771 700 1832 ilectorem
718 1771 826 1833 leuiter
842 1779 971 1850 premat,

253 1861 274 1919 ἴ
330 1859 365 1916 Vt
380 1857 446 1917 luce
462 1858 568 1916 caruit.
601 1858 680 1917 inter
696 1857 841 1917 extinctos
856 1859 934 1918 iacet

287 1943 431 2021 datusque
446 1940 561 2001 tumulo
576 1939 676 2001 debita
693 1943 836 2002 exanimis
851 1941 924 2002 tulit.

288 2041 344 2086 vu.
368 2025 484 2103 expleta
500 2026 557 2085 lata
574 2029 668 2104 stirpe
684 2024 799 2086 sublata
815 2025 951 2086 Hectoris

288 2111 471 2191 solidamque
487 2129 590 2189 pacem
605 2109 701 2171 laetus
716 2110 752 2171 ad
769 2111 885 2172 Danaos
900 2113 992 2172 leram
1007 2148 1053 2159 -

253 2210 270 2260 d
331 2196 406 2267 Quid
422 2197 484 2274 agis
500 2194 622 2257 Vlixei
647 2195 796 2256 Danaidae
812 2198 936 2257 credent
950 2196 1020 2256 tihi?

289 2282 403 2343 tuoni?
425 2282 552 2359 parenti.
582 2281 667 2358 lingit
681 2298 719 2340 an
736 2282 891 2359 quisquam
907 2282 963 2341 hoc
978 2300 1095 2359 parens

288 2386 345 2429 uec
360 2367 575 2427 abominandae
589 2367 694 2425 mortis
710 2368 876 2444 auspicium
891 2367 996 2445 pauet?

288 2453 417 2531 auspicia
434 2458 569 2511 metuunt
585 2451 635 2527 qui
651 2449 723 2509 nihil
741 2453 835 2513 maius
854 2453 966 2512 timent.

287 2537 375 2597 iidem
391 2534 530 2613 adligauit
544 2536 735 2596 iureiurando
751 2553 843 2597 suam.

288 2624 313 2683 si
329 2623 453 2701 peierat,
470 2622 575 2679 timere
590 2620 660 2698 quid
675 2622 797 2696 grauius
813 2622 928 2698 potest?

254 2710 280 2770 d'
332 2706 543 2768 Nunc-adunca
559 2716 641 2765 astus
656 2707 754 2766 anime
770 2725 849 2766 nunc
864 2706 983 2767 lraudes
998 2707 1102 2778 dolos,

356 2981 406 3031 596
418 2978 475 3027 VL.
491 2978 514 3025 A
532 2985 612 3026 extro
623 2992 723 3026 uersum
737 2976 760 3023 Ε
773 2984 855 3039 omrp
871 2974 883 3041 d
898 2979 938 3028 dic
951 2980 1042 3043 lepitur
1054 2995 1153 3033 uersos
1166 2985 1218 3033 EA

288 3051 350 3100 ltu
363 3048 469 3097 IIPutl.
487 3061 569 3109 supra
581 3051 640 3094 unte
652 3061 676 3095 u.
690 3046 775 3107 591rp
795 3047 953 3109 mansposuit
970 3052 1030 3110 post
1047 3064 1073 3097 a.
1086 3051 1144 3101 597
1165 3053 1218 3102 Ru·

287 3119 434 3182 plrelenpr'us
449 3110 462 3181 Η
478 3116 527 3165 597
546 3113 631 3163 ΑΝΙ).
649 3113 674 3161 Ε
692 3129 739 3164 om.
751 3112 776 3161 A
795 3113 852 3163 VL.
867 3108 912 3178 ΗΙΙ
929 3112 1053 3162 admittit
1064 3115 1090 3163 Ε
1111 3118 1217 3170 admit·

259 3181 262 3187 ’
287 3187 325 3235 tis
337 3184 361 3232 A
374 3179 386 3247 ss
402 3185 452 3234 598
470 3182 542 3235 VLI.
563 3182 588 3230 Ε
599 3197 646 3231 om.
661 3181 684 3229 A
702 3177 714 3247 ΙΙ
729 3180 858 3246 pertinax
876 3176 919 3245 lli
943 3182 993 3231 599
1012 3188 1107 3233 mouet
1122 3203 1173 3251 pr.
1186 3206 1218 3239 m.

287 3254 428 3302 ercidetur
440 3251 494 3312 Εψ
511 3250 641 3300 monetA
654 3247 666 3314 ΙΙ
682 3251 733 3299 609
745 3254 802 3297 tam
815 3264 862 3299 om.
875 3246 922 3314 ΕΙ
945 3250 994 3299 601
1009 3250 1120 3300 iacitE
1142 3256 1218 3305 facis

289 3322 313 3369 A
334 3317 495 3386 lonssur).
515 3335 562 3370 om.
582 3312 727 3383 ussluuita
745 3316 811 3365 EM)
829 3318 930 3367 Immiti
947 3318 972 3368 A
984 3314 997 3383 ΙΙ
1014 3316 1103 3369 ulixes
1123 3320 1217 3383 (eraso

288 3390 320 3438 s?
345 3386 370 3435 Ε
387 3386 481 3450 Vlyssi
494 3387 560 3436 Anu
571 3382 582 3452 d
596 3401 630 3434 aar
641 3385 750 3435 Danais
763 3386 786 3433 A
801 3401 834 3435 ac
847 3402 894 3435 om.
909 3384 934 3433 E
945 3381 956 3451 Η
968 3387 1019 3436 605
1032 3387 1105 3436 soles
1119 3389 1176 3452 (lit.
1189 3407 1218 3441 es

288 3451 631 3575 tl‘ssldldtl‘ttt
642 3449 1107 3573 {ttltltllllltttmftll
1120 3460 1218 3590 iiiiii

289 3594 374 3644 danai
392 3592 436 3641 dic
455 3592 481 3641 Ε
502 3592 538 3641 D.
558 3591 599 3639 da
617 3592 692 3640 NHa.
717 3588 863 3639 Danaidae
883 3590 907 3637 A
924 3587 936 3656 ΙΙ
951 3592 1000 3641 617
1020 3593 1172 3656 qnisquam
1193 3594 1217 3643 Ε

288 3663 439 3725 quidquam
459 3662 482 3709 A
495 3655 507 3724 ll
520 3659 572 3708 hoc
584 3659 610 3706 Ε
626 3675 676 3709 om:
687 3656 712 3706 A
725 3653 796 3721 {1621
815 3658 938 3721 perierat
954 3670 977 3721 ψ
1000 3656 1012 3725 d
