2750 4250
475 395 479 403 .
551 357 674 405 MEDEA

164 497 262 558 munile
276 494 391 575 fulgens
407 498 548 577 quodque
563 515 747 576 gemmarum
764 498 842 556 nitur

165 583 304 661 distinguit
320 601 427 643 aurum
443 601 503 661 quo
518 581 615 644 solent
629 583 708 661 cingi
725 601 836 643 numae.

164 670 230 728 haec
244 676 345 730 nostra
361 670 423 728 nati
438 668 515 728 dona
532 667 655 729 nubenti
671 668 768 729 lerant

164 753 208 814 sed
222 760 287 815 ante
302 753 375 815 diris
390 752 472 814 inlita
488 771 523 814 ae
540 753 626 814 tincta
642 751 766 814 artibus.

164 847 277 900 uocetur
292 838 411 899 lleeate.
443 856 529 900 sacra
543 837 650 899 letifica
665 853 790 915 appara:

163 930 318 985 statuantur
334 942 404 985 arae
419 923 539 984 flamma
557 925 612 982 iam
629 923 715 983 testis
731 929 826 983 sonet.

537 1257 684 1308 GHORV&

137 1454 159 1503 ⁸⁰
275 1447 363 1510 Nulla
380 1450 427 1510 uis
442 1448 578 1509 dammae
593 1448 738 1509 tumidius
754 1449 835 1509 uenti

235 1541 314 1594 tanta
330 1552 387 1595 nec
401 1533 453 1595 teli
468 1533 627 1594 metuenda
644 1535 716 1594 torti

236 1628 344 1698 quamn
361 1638 429 1680 eum
446 1619 574 1680 coniunx
591 1619 709 1679 uiduata
726 1617 820 1678 taedis

646 1705 729 1764 ardet
745 1711 774 1764 et
790 1703 859 1764 odit.
1090 1709 1140 1758 585

277 1823 355 1883 Nun
371 1823 434 1883 ubi
449 1822 592 1884 hibernos
607 1821 769 1884 nebulosus
785 1822 895 1884 imbres

236 1916 335 1969 auster
351 1908 472 1969 aduenit
486 1917 688 1988 properatque
704 1916 823 1968 torrens

236 1992 328 2054 hister
344 2001 374 2053 et
388 1995 505 2053 iunctos
520 2001 600 2053 uetat
616 2010 681 2054 esse
696 2003 802 2070 pontes

645 2095 679 2138 ac
696 2095 790 2156 uagus
806 2086 895 2139 errat.

278 2198 356 2258 Non
373 2197 434 2257 uhi
448 2197 562 2276 inpellit
578 2196 738 2258 Rhodanus
754 2197 950 2275 profundum,
1091 2202 1141 2251 590

238 2291 286 2343 aut
301 2282 353 2343 ubi
369 2284 397 2342 in
415 2284 496 2344 riuos
511 2282 629 2343 niuibus
644 2281 747 2343 solutis

236 2367 297 2429 sole
313 2370 374 2428 iam
390 2367 461 2429 lorti
477 2367 636 2447 medioque
650 2386 723 2427 uere

643 2452 738 2512 tabuit
753 2453 892 2515 Haemus.

281 2571 393 2632 Caecus
409 2579 453 2632 est
467 2573 550 2646 ignis
560 2571 727 2632 stimulatus
742 2573 786 2633 ira

238 2673 292 2716 nee
306 2658 373 2735 regi
388 2664 472 2717 eurat
487 2657 636 2733 patiturne
652 2657 770 2726 irenes,

239 2739 307 2801 haut
322 2744 407 2802 timet
421 2748 565 2803 mortem:
588 2743 668 2819 eupit
683 2743 728 2801 ire
743 2744 772 2801 in
789 2743 870 2819 ipses

647 2826 755 2887 obuius
771 2844 866 2887 enses.

279 2946 396 3006 Parcite
413 2964 430 3006 ο
447 2943 517 3005 diui.
548 2946 666 3005 ueniam
682 2963 842 3023 precamur

241 3030 321 3091 uiuat
336 3037 368 3090 ut
384 3038 464 3091 tutus
481 3048 562 3090 mare
578 3032 627 3108 qui
644 3029 770 3107 subegit.

242 3115 290 3175 sed
306 3115 377 3176 furit
392 3116 472 3176 uinci
488 3115 625 3176 dominus
639 3114 780 3193 profundi

544 3214 548 3218 ’
644 3217 737 3277 regna
753 3199 889 3260 secunda.

177 3310 358 3327 κ.-

229 3451 274 3503 576
291 3456 407 3520 quique
425 3458 457 3505 οἱ.
478 3455 556 3507 Grun.
579 3450 592 3520 [1
615 3457 665 3505 580
682 3454 807 3504 luetifiee
825 3455 849 3503 Α
874 3452 996 3505 loetifiee
1013 3454 1038 3503 E
1059 3455 1072 3517 ΙΙ

178 3513 215 3565 581
231 3524 365 3573 struantur
383 3524 408 3572 Α
438 3526 597 3572 statuentur
613 3523 640 3573 Ε
662 3518 674 3587 Η
698 3523 746 3573 582
765 3522 918 3587 tumidique
937 3523 962 3572 Α
993 3523 1073 3571 tumi-

178 3579 287 3719 {Jmtffl
294 3591 349 3709 1534
360 3590 463 3725 ¹Tuetlis
481 3587 597 3656 1511590
614 3590 696 3655 pellit
713 3591 739 3639 E
757 3591 875 3655 impellit
892 3586 942 3655 Al]
959 3592 1008 3641 599
1027 3589 1075 3653 qui
