2750 4250
531 367 682 416 onmnvs

159 509 287 570 caerulea
303 507 392 568 fuluis
409 509 499 568 mixta
515 507 668 568 oberrauit
683 508 775 576 notis,

159 597 312 673 sanguinea
328 611 451 662 rursus,
468 591 573 654 ultima
589 594 618 652 in
634 591 774 653 tenebras
790 591 860 654 abit.

130 680 157 737 e‘'
199 681 254 740 Sed
270 697 338 739 ecce
353 696 473 758 pugnax
490 679 591 755 ignis
605 679 637 737 in
653 685 753 755 partes
768 677 842 738 duas

159 764 277 825 discedit
290 772 319 824 et
334 782 366 823 se
382 763 492 823 scindit
506 764 595 823 unius
609 764 687 822 sacri

158 851 264 910 discors
279 846 389 910 lauilla.
409 845 539 926 'genitor
555 847 699 907 horresco
715 849 852 909 intuens:

157 934 239 995 libata
255 934 363 994 Bacchi
379 933 458 992 dona
474 938 624 1011 permutat
640 949 730 992 cruor

157 1018 300 1098 ambitque
315 1018 428 1079 densus
442 1018 558 1095 regium
574 1017 674 1078 fumus
690 1023 780 1094 capnt

156 1106 290 1183 ipsosque
305 1105 388 1163 circa
402 1105 526 1180 spissior
542 1100 643 1162 uultus
657 1101 751 1161 sedet.

158 1188 199 1269 [et
213 1191 288 1249 nude
302 1191 399 1248 dormo
413 1190 572 1249 sordidum
587 1190 684 1248 lucem
700 1183 844 1264 addidit]

128 1266 142 1313 ἃ
195 1272 268 1342 Quid
284 1274 336 1343 sit,
353 1291 463 1351 parcns
478 1273 578 1332 effare.

157 1371 219 1417 nm.
621 1355 691 1434 quid
709 1356 765 1414 lari
781 1371 886 1431 queam

157 1444 228 1502 inter
244 1441 389 1502 tumultus
405 1442 511 1500 mentis
527 1442 670 1501 attonitae
685 1440 799 1516 uagus?

157 1527 291 1603 quidnam
307 1525 434 1604 loquar?
457 1535 527 1586 sunt
542 1525 606 1584 dira
622 1525 676 1584 sed
692 1526 720 1584 in
736 1522 796 1584 alto
813 1521 898 1584 mala,
952 1521 961 1538 ⁶

158 1610 225 1673 solet
239 1613 283 1673 ira
301 1613 392 1671 certis
408 1612 563 1670 numinum
579 1610 696 1669 ostendi
713 1610 799 1670 notis.

158 1696 220 1772 quid
235 1697 313 1756 istud
331 1702 376 1756 est
395 1695 474 1775 quod
491 1713 556 1755 esse
571 1693 720 1772 prolatum
738 1692 842 1753 uolunt

159 1783 316 1858 iterumque
333 1779 438 1841 uolunt
453 1787 482 1840 et
497 1789 598 1840 truces
612 1780 674 1837 iras
690 1779 811 1855 tegunt?

132 1866 151 1921 d
195 1865 288 1926 Pudet
302 1865 375 1925 cleos
392 1865 492 1924 nescio
508 1863 588 1943 quid.
621 1862 681 1922 huc
697 1879 825 1940 propere
841 1861 967 1922 admone

159 1958 183 2009 et
196 1968 299 2028 sparge
315 1949 392 2009 salsa
409 1948 485 2009 collo
500 1955 656 2008 taurorum
671 1947 760 2006 mola.

158 2033 305 2111 placidone
320 2033 406 2094 uultu
422 2051 508 2094 sacra
524 2039 554 2094 et
569 2033 703 2092 admotas
720 2049 824 2092 manus

158 2121 319 2195 patiuntur?

159 2218 232 2265 usn,
342 2203 434 2264 altum
450 2211 554 2263 taurus
569 2200 707 2262 attollens
723 2208 812 2280 caput

158 2291 259 2364 primos
276 2290 311 2351 ad
329 2295 415 2349 ortus
429 2290 545 2365 positus
556 2289 677 2364 expauit
692 2286 770 2345 diem

160 2376 342 2453 trepidusque
359 2372 476 2433 uultum
492 2371 625 2449 obliquat
640 2381 670 2431 et
684 2371 784 2429 radios
799 2370 882 2447 lugit.

135 2482 145 2514 e
195 2472 259 2518 nin.
282 2458 386 2519 Vnone
401 2465 514 2518 terram
531 2456 656 2516 uulnere
671 2454 780 2516 adflicti
795 2453 917 2532 petunt?

161 2556 233 2603 uun.
258 2546 384 2604 iuuenca
401 2542 482 2602 ierro
498 2548 594 2602 semet
608 2540 735 2618 inposito
752 2539 846 2599 iriduit

161 2636 184 2685 et
198 2626 319 2688 uulnere
333 2644 394 2687 uno
411 2625 534 2694 cecidit,
551 2633 581 2685 at
595 2632 698 2684 taurus
713 2625 788 2684 duos

160 2729 308 2791 perpessus
324 2714 401 2772 ictus
415 2711 475 2772 huc
491 2718 522 2771 et
536 2710 596 2770 huc
611 2708 719 2769 dubius
734 2708 795 2768 ruit

162 2799 336 2876 animamque
353 2797 448 2856 lessus
463 2797 513 2855 nix
528 2793 724 2855 reluctantem
742 2793 887 2869 exprimit.

139 2885 150 2932 d
196 2895 258 2941 rin.
283 2884 387 2942 Vtrum
404 2883 510 2942 citatus
526 2878 652 2939 uulnere
667 2884 792 2955 angusto
808 2879 896 2937 micat

163 2980 192 3022 an
205 2963 298 3027 lentus
313 2964 388 3026 altas
401 2967 512 3041 inrigat
527 2963 628 3041 plagas
643 2964 752 3023 cruor?

163 3060 233 3109 usn.
255 3050 342 3110 nnius
359 3051 521 3127 peripsam
540 3066 597 3126 qua
614 3054 695 3125 patet
711 3053 814 3124 pectus
830 3044 907 3105 uiam

165 3131 257 3194 elusus
274 3136 386 3201 amnis,
403 3134 491 3194 huius
508 3134 615 3208 exiguo
631 3148 740 3209 graues

219 3390 266 3437 324
283 3388 383 3437 ultime
396 3387 422 3435 Ε
439 3386 567 3437 ultimum
580 3381 690 3450 Aliost
710 3384 796 3433 densa
808 3400 830 3434 co
848 3388 935 3433 tense
953 3382 982 3433 θ.
996 3383 1066 3432 Bor·

166 3451 223 3502 llius.
239 3471 337 3505 aermon
355 3456 440 3504 deleat
454 3450 467 3519 ll
483 3456 533 3504 333
551 3468 642 3517 uagus
660 3452 685 3499 E
703 3466 791 3516 uagos
810 3452 834 3500 Α
853 3448 865 3517 ll
882 3452 930 3501 337
948 3450 1005 3499 ires
1025 3451 1067 3499 cll

167 3532 217 3570 aras
232 3525 256 3572 A
278 3519 292 3586 ΙΙ
314 3524 365 3573 338
383 3536 470 3586 prope
487 3521 528 3570 rm
541 3521 564 3571 G
579 3522 605 3570 V
606 3518 618 3550 ²
641 3517 653 3586 ΙΙ
676 3521 726 3569 343
744 3520 849 3568 nultum
868 3518 935 3568 solis
954 3522 983 3568 et
999 3517 1067 3566 EM

166 3587 253 3639 uultum
271 3589 400 3653 obliquat
419 3593 448 3638 et
466 3590 490 3638 A
516 3585 528 3650 ΙΙ
550 3590 600 3638 346
617 3588 748 3651 imposito
766 3586 792 3635 E
802 3586 842 3636 M}
855 3588 963 3647 Vesuui
981 3599 1066 3649 oppo-

167 3652 208 3705 tito
224 3659 246 3705 Α
265 3658 392 3724 oppositu
413 3652 457 3723 llll
469 3657 517 3707 351
537 3655 618 3705 huius
636 3655 689 3718 Εψ
709 3656 788 3703 nitius
807 3654 832 3702 A
856 3650 868 3718 ll

798 3733 861 3797 13*
