<?xml version="1.0" encoding="UTF-8"?>
<!DOCTYPE html PUBLIC "-//W3C//DTD XHTML 1.0 Transitional//EN"
    "http://www.w3.org/TR/xhtml1/DTD/xhtml1-transitional.dtd">
<html xmlns="http://www.w3.org/1999/xhtml" xml:lang="en" lang="en">
 <head>
  <title>
</title>
<meta http-equiv="Content-Type" content="text/html;charset=utf-8" />
  <meta name='ocr-system' content='tesseract 3.04.00' />
  <meta name='ocr-capabilities' content='ocr_page ocr_carea ocr_par ocr_line ocrx_word'/>
</head>
<body>
  <div class='ocr_page' id='page_1' title='image "./tragoediaeacced00richgoog/tragoediaeacced00richgoog_0013.png"; bbox 0 0 2750 4250; ppageno 0'>
   <div class='ocr_carea' id='block_1_1' title="bbox 226 348 800 400">
    <p class='ocr_par' dir='ltr' id='par_1_1' title="bbox 226 348 800 400">
     <span class='ocr_line' id='line_1_1' title="bbox 226 348 800 400; baseline -0.007 0"><span class='ocrx_word' id='word_1_1' title='bbox 226 353 292 400; x_wconf 85' lang='lat' dir='ltr'>VIII</span> <span class='ocrx_word' id='word_1_2' title='bbox 601 348 800 397; x_wconf 76' lang='lat' dir='ltr'>PRAEFATIO</span> 
     </span>
    </p>
   </div>
   <div class='ocr_carea' id='block_1_2' title="bbox 226 501 1177 1010">
    <p class='ocr_par' dir='ltr' id='par_1_2' title="bbox 226 501 1177 1010">
     <span class='ocr_line' id='line_1_2' title="bbox 229 501 1177 586; baseline 0.001 -18"><span class='ocrx_word' id='word_1_3' title='bbox 229 529 260 569; x_wconf 90' lang='lat' dir='ltr'>ac</span> <span class='ocrx_word' id='word_1_4' title='bbox 282 513 342 568; x_wconf 91' lang='lat' dir='ltr'>sine</span> <span class='ocrx_word' id='word_1_5' title='bbox 363 511 456 569; x_wconf 90' lang='lat' dir='ltr'>lahore</span> <span class='ocrx_word' id='word_1_6' title='bbox 477 501 624 585; x_wconf 82' lang='lat' dir='ltr'>conposuit</span> <span class='ocrx_word' id='word_1_7' title='bbox 643 526 695 566; x_wconf 92' lang='lat' dir='ltr'>nec</span> <span class='ocrx_word' id='word_1_8' title='bbox 716 518 748 566; x_wconf 91' lang='lat' dir='ltr'>ut</span> <span class='ocrx_word' id='word_1_9' title='bbox 769 510 878 584; x_wconf 89' lang='lat' dir='ltr'>quidam</span> <span class='ocrx_word' id='word_1_10' title='bbox 898 517 999 586; x_wconf 90' lang='lat' dir='ltr'>putant</span> <span class='ocrx_word' id='word_1_11' title='bbox 1019 508 1104 565; x_wconf 90' lang='lat' dir='ltr'>aliena</span> <span class='ocrx_word' id='word_1_12' title='bbox 1125 527 1177 584; x_wconf 91' lang='lat' dir='ltr'>pro</span> 
     </span>
     <span class='ocr_line' id='line_1_3' title="bbox 228 593 1176 670; baseline -0.002 -17"><span class='ocrx_word' id='word_1_13' title='bbox 228 598 286 654; x_wconf 92' lang='lat' dir='ltr'>suis</span> <span class='ocrx_word' id='word_1_14' title='bbox 307 596 399 654; x_wconf 88' lang='lat' dir='ltr'>edidit.</span> <span class='ocrx_word' id='word_1_15' title='bbox 435 596 539 651; x_wconf 84' lang='lat' dir='ltr'>Venere</span> <span class='ocrx_word' id='word_1_16' title='bbox 560 596 587 650; x_wconf 90' lang='lat' dir='ltr'>in</span> <span class='ocrx_word' id='word_1_17' title='bbox 610 611 704 651; x_wconf 87' lang='lat' dir='ltr'>manus</span> <span class='ocrx_word' id='word_1_18' title='bbox 726 611 799 652; x_wconf 91' lang='lat' dir='ltr'>meas</span> <span class='ocrx_word' id='word_1_19' title='bbox 819 594 1018 670; x_wconf 81' lang='lat' dir='ltr'><strong>pugillares</strong></span> <span class='ocrx_word' id='word_1_20' title='bbox 1037 593 1176 651; x_wconf 91' lang='lat' dir='ltr'>libelli·</span> 
     </span>
     <span class='ocr_line' id='line_1_4' title="bbox 229 675 1175 758; baseline 0.001 -20"><span class='ocrx_word' id='word_1_21' title='bbox 229 697 294 758; x_wconf 90' lang='lat' dir='ltr'>que</span> <span class='ocrx_word' id='word_1_22' title='bbox 321 699 393 738; x_wconf 91' lang='lat' dir='ltr'>cum</span> <span class='ocrx_word' id='word_1_23' title='bbox 417 681 622 755; x_wconf 88' lang='lat' dir='ltr'>quibusdam</span> <span class='ocrx_word' id='word_1_24' title='bbox 649 680 848 736; x_wconf 80' lang='lat' dir='ltr'><strong>notissimis</strong></span> <span class='ocrx_word' id='word_1_25' title='bbox 870 680 1033 737; x_wconf 91' lang='lat' dir='ltr'>uersibus</span> <span class='ocrx_word' id='word_1_26' title='bbox 1061 675 1175 755; x_wconf 77' lang='lat' dir='ltr'>ipsius</span> 
     </span>
     <span class='ocr_line' id='line_1_5' title="bbox 229 761 1176 841; baseline 0 -18"><span class='ocrx_word' id='word_1_27' title='bbox 229 761 474 840; x_wconf 83' lang='lat' dir='ltr'>chirographo</span> <span class='ocrx_word' id='word_1_28' title='bbox 495 768 566 822; x_wconf 91' lang='lat' dir='ltr'>scri</span> <span class='ocrx_word' id='word_1_29' title='bbox 574 767 661 841; x_wconf 89' lang='lat' dir='ltr'>ptis,</span> <span class='ocrx_word' id='word_1_30' title='bbox 683 772 715 821; x_wconf 92' lang='lat' dir='ltr'>ut</span> <span class='ocrx_word' id='word_1_31' title='bbox 729 765 809 822; x_wconf 88' lang='lat' dir='ltr'>lacile</span> <span class='ocrx_word' id='word_1_32' title='bbox 831 774 975 840; x_wconf 75' lang='lat' dir='ltr'>appareret</span> <span class='ocrx_word' id='word_1_33' title='bbox 990 781 1045 821; x_wconf 90' lang='lat' dir='ltr'>nou</span> <span class='ocrx_word' id='word_1_34' title='bbox 1062 763 1176 823; x_wconf 90' lang='lat' dir='ltr'>tralatos</span> 
     </span>
     <span class='ocr_line' id='line_1_6' title="bbox 228 850 1177 926; baseline 0.002 -20"><span class='ocrx_word' id='word_1_35' title='bbox 228 859 275 908; x_wconf 90' lang='lat' dir='ltr'>aut</span> <span class='ocrx_word' id='word_1_36' title='bbox 296 851 415 908; x_wconf 90' lang='lat' dir='ltr'>dictante</span> <span class='ocrx_word' id='word_1_37' title='bbox 444 850 536 925; x_wconf 89' lang='lat' dir='ltr'>aliquo</span> <span class='ocrx_word' id='word_1_38' title='bbox 559 858 701 924; x_wconf 85' lang='lat' dir='ltr'>exceptos,</span> <span class='ocrx_word' id='word_1_39' title='bbox 732 851 778 908; x_wconf 94' lang='lat' dir='ltr'>sed</span> <span class='ocrx_word' id='word_1_40' title='bbox 800 850 881 926; x_wconf 90' lang='lat' dir='ltr'>plane</span> <span class='ocrx_word' id='word_1_41' title='bbox 902 853 979 924; x_wconf 90' lang='lat' dir='ltr'>quasi</span> <span class='ocrx_word' id='word_1_42' title='bbox 999 853 1177 923; x_wconf 81' lang='lat' dir='ltr'>a&#39;eogitante</span> 
     </span>
     <span class='ocr_line' id='line_1_7' title="bbox 226 931 1174 1010; baseline -0.002 -18"><span class='ocrx_word' id='word_1_43' title='bbox 226 944 309 1010; x_wconf 89' lang='lat' dir='ltr'>atque</span> <span class='ocrx_word' id='word_1_44' title='bbox 330 944 480 1009; x_wconf 76' lang='lat' dir='ltr'>generante</span> <span class='ocrx_word' id='word_1_45' title='bbox 501 944 639 1000; x_wconf 62' lang='lat' dir='ltr'>exaratum</span> <span class='ocrx_word' id='word_1_46' title='bbox 670 938 706 992; x_wconf 88' lang='lat' dir='ltr'>ita</span> <span class='ocrx_word' id='word_1_47' title='bbox 732 933 840 992; x_wconf 91' lang='lat' dir='ltr'>multa</span> <span class='ocrx_word' id='word_1_48' title='bbox 866 944 899 992; x_wconf 92' lang='lat' dir='ltr'>et</span> <span class='ocrx_word' id='word_1_49' title='bbox 922 931 1036 991; x_wconf 92' lang='lat' dir='ltr'>deleta</span> <span class='ocrx_word' id='word_1_50' title='bbox 1064 943 1097 992; x_wconf 90' lang='lat' dir='ltr'>et</span> <span class='ocrx_word' id='word_1_51' title='bbox 1122 938 1174 991; x_wconf 91' lang='lat' dir='ltr'>in-</span> 
     </span>
    </p>
   </div>
   <div class='ocr_carea' id='block_1_3' title="bbox 220 1018 1176 3132">
    <p class='ocr_par' dir='ltr' id='par_1_3' title="bbox 224 1018 1176 1772">
     <span class='ocr_line' id='line_1_8' title="bbox 228 1018 1176 1095; baseline 0 -19"><span class='ocrx_word' id='word_1_52' title='bbox 228 1020 332 1077; x_wconf 87' lang='lat' dir='ltr'>ducta</span> <span class='ocrx_word' id='word_1_53' title='bbox 354 1028 388 1078; x_wconf 89' lang='lat' dir='ltr'>ot</span> <span class='ocrx_word' id='word_1_54' title='bbox 411 1020 656 1095; x_wconf 87' lang='lat' dir='ltr'>superscripta</span> <span class='ocrx_word' id='word_1_55' title='bbox 677 1021 855 1077; x_wconf 76' lang='lat' dir='ltr'>inerant‘¹.</span> <span class='ocrx_word' id='word_1_56' title='bbox 885 1018 979 1094; x_wconf 87' lang='lat' dir='ltr'>Neque</span> <span class='ocrx_word' id='word_1_57' title='bbox 1000 1019 1048 1076; x_wconf 89' lang='lat' dir='ltr'>ahs</span> <span class='ocrx_word' id='word_1_58' title='bbox 1067 1036 1098 1075; x_wconf 91' lang='lat' dir='ltr'>re</span> <span class='ocrx_word' id='word_1_59' title='bbox 1120 1023 1176 1077; x_wconf 90' lang='lat' dir='ltr'>erit</span> 
     </span>
     <span class='ocr_line' id='line_1_9' title="bbox 227 1103 1175 1180; baseline -0.001 -19"><span class='ocrx_word' id='word_1_60' title='bbox 227 1105 353 1164; x_wconf 89' lang='lat' dir='ltr'>attulisse</span> <span class='ocrx_word' id='word_1_61' title='bbox 369 1122 438 1180; x_wconf 90' lang='lat' dir='ltr'>quae</span> <span class='ocrx_word' id='word_1_62' title='bbox 452 1105 535 1162; x_wconf 87' lang='lat' dir='ltr'>Leoni</span> <span class='ocrx_word' id='word_1_63' title='bbox 552 1123 603 1162; x_wconf 90' lang='lat' dir='ltr'>suo</span> <span class='ocrx_word' id='word_1_64' title='bbox 620 1105 748 1164; x_wconf 88' lang='lat' dir='ltr'>Sidonius</span> <span class='ocrx_word' id='word_1_65' title='bbox 762 1104 858 1161; x_wconf 84' lang='lat' dir='ltr'><strong>scribit</strong></span> <span class='ocrx_word' id='word_1_66' title='bbox 874 1120 936 1179; x_wconf 93' lang='lat' dir='ltr'>epp.</span> <span class='ocrx_word' id='word_1_67' title='bbox 952 1104 1007 1160; x_wconf 90' lang='lat' dir='ltr'>Vlll</span> <span class='ocrx_word' id='word_1_68' title='bbox 1023 1105 1041 1162; x_wconf 88' lang='grc'>3</span> <span class='ocrx_word' id='word_1_69' title='bbox 1058 1105 1094 1178; x_wconf 87' lang='lat' dir='ltr'>(p.</span> <span class='ocrx_word' id='word_1_70' title='bbox 1110 1103 1175 1162; x_wconf 84' lang='grc'>462</span> 
     </span>
     <span class='ocr_line' id='line_1_10' title="bbox 228 1188 1176 1265; baseline -0.002 -18"><span class='ocrx_word' id='word_1_71' title='bbox 228 1189 343 1264; x_wconf 90' lang='lat' dir='ltr'>Sauaro)</span> <span class='ocrx_word' id='word_1_72' title='bbox 360 1191 522 1264; x_wconf 81' lang='lat' dir='ltr'>„Apollonii</span> <span class='ocrx_word' id='word_1_73' title='bbox 538 1189 712 1265; x_wconf 80' lang='lat' dir='ltr'>Pythagorici</span> <span class='ocrx_word' id='word_1_74' title='bbox 729 1191 813 1246; x_wconf 91' lang='lat' dir='ltr'>uitam</span> <span class='ocrx_word' id='word_1_75' title='bbox 829 1207 884 1247; x_wconf 90' lang='lat' dir='ltr'>non</span> <span class='ocrx_word' id='word_1_76' title='bbox 899 1196 931 1246; x_wconf 91' lang='lat' dir='ltr'>ut</span> <span class='ocrx_word' id='word_1_77' title='bbox 946 1188 1176 1246; x_wconf 84' lang='lat' dir='ltr'>Nicomachus</span> 
     </span>
     <span class='ocr_line' id='line_1_11' title="bbox 228 1273 1175 1347; baseline -0.001 -15"><span class='ocrx_word' id='word_1_78' title='bbox 228 1277 320 1332; x_wconf 90' lang='lat' dir='ltr'>senior</span> <span class='ocrx_word' id='word_1_79' title='bbox 342 1273 604 1337; x_wconf 86' lang='lat' dir='ltr'>ePhilostrati,</span> <span class='ocrx_word' id='word_1_80' title='bbox 628 1274 673 1331; x_wconf 90' lang='lat' dir='ltr'>sed</span> <span class='ocrx_word' id='word_1_81' title='bbox 695 1275 885 1331; x_wconf 79' lang='lat' dir='ltr'>utlascius</span> <span class='ocrx_word' id='word_1_82' title='bbox 901 1273 1175 1347; x_wconf 73' lang='lat' dir='ltr'>(illiciorianus</span> 
     </span>
     <span class='ocr_line' id='line_1_12' title="bbox 227 1359 1174 1434; baseline -0.001 -18"><span class='ocrx_word' id='word_1_83' title='bbox 227 1359 456 1416; x_wconf 88' lang='lat' dir='ltr'>eNicomachi</span> <span class='ocrx_word' id='word_1_84' title='bbox 475 1359 618 1416; x_wconf 91' lang='lat' dir='ltr'>schedio</span> <span class='ocrx_word' id='word_1_85' title='bbox 642 1361 847 1434; x_wconf 68' lang='lat' dir='ltr'>exscripsit,</span> <span class='ocrx_word' id='word_1_86' title='bbox 871 1361 932 1433; x_wconf 90' lang='lat' dir='ltr'>quia</span> <span class='ocrx_word' id='word_1_87' title='bbox 948 1360 1081 1420; x_wconf 87' lang='lat' dir='ltr'>iusseras,</span> <span class='ocrx_word' id='word_1_88' title='bbox 1097 1361 1174 1415; x_wconf 89' lang='lat' dir='ltr'>misi:</span> 
     </span>
     <span class='ocr_line' id='line_1_13' title="bbox 226 1442 1176 1519; baseline -0.002 -20"><span class='ocrx_word' id='word_1_89' title='bbox 226 1461 306 1519; x_wconf 90' lang='lat' dir='ltr'>quam</span> <span class='ocrx_word' id='word_1_90' title='bbox 328 1445 392 1502; x_wconf 93' lang='lat' dir='ltr'>dum</span> <span class='ocrx_word' id='word_1_91' title='bbox 414 1461 512 1518; x_wconf 86' lang='lat' dir='ltr'>parere</span> <span class='ocrx_word' id='word_1_92' title='bbox 532 1444 633 1501; x_wconf 82' lang='lat' dir='ltr'>festino</span> <span class='ocrx_word' id='word_1_93' title='bbox 656 1444 796 1506; x_wconf 79' lang='lat' dir='ltr'>celeriter,</span> <span class='ocrx_word' id='word_1_94' title='bbox 828 1445 919 1500; x_wconf 87' lang='lat' dir='ltr'>eiecit</span> <span class='ocrx_word' id='word_1_95' title='bbox 935 1443 998 1516; x_wconf 78' lang='lat' dir='ltr'>(anz</span> <span class='ocrx_word' id='word_1_96' title='bbox 1021 1442 1176 1514; x_wconf 81' lang='lat' dir='ltr'>conieciti)</span> 
     </span>
     <span class='ocr_line' id='line_1_14' title="bbox 225 1525 1175 1603; baseline -0.002 -19"><span class='ocrx_word' id='word_1_97' title='bbox 225 1529 253 1584; x_wconf 91' lang='lat' dir='ltr'>in</span> <span class='ocrx_word' id='word_1_98' title='bbox 286 1529 493 1586; x_wconf 88' lang='lat' dir='ltr'>tumultuarium</span> <span class='ocrx_word' id='word_1_99' title='bbox 523 1525 795 1603; x_wconf 81' lang='lat' dir='ltr'>exemplar-turbida</span> <span class='ocrx_word' id='word_1_100' title='bbox 826 1536 853 1584; x_wconf 91' lang='lat' dir='ltr'>et</span> <span class='ocrx_word' id='word_1_101' title='bbox 879 1545 1010 1603; x_wconf 87' lang='lat' dir='ltr'>praeceps</span> <span class='ocrx_word' id='word_1_102' title='bbox 1039 1535 1068 1584; x_wconf 91' lang='lat' dir='ltr'>et</span> <span class='ocrx_word' id='word_1_103' title='bbox 1094 1527 1175 1601; x_wconf 85' lang='lat' dir='ltr'>opica</span> 
     </span>
     <span class='ocr_line' id='line_1_15' title="bbox 224 1611 1171 1686; baseline -0.003 -16"><span class='ocrx_word' id='word_1_104' title='bbox 224 1613 367 1671; x_wconf 89' lang='lat' dir='ltr'>translatio</span> <span class='ocrx_word' id='word_1_105' title='bbox 377 1622 393 1643; x_wconf 83' lang='lat'>‘¹</span> <span class='ocrx_word' id='word_1_106' title='bbox 415 1613 460 1686; x_wconf 90' lang='lat' dir='ltr'>(ci.</span> <span class='ocrx_word' id='word_1_107' title='bbox 477 1613 507 1670; x_wconf 90' lang='lat'>0.</span> <span class='ocrx_word' id='word_1_108' title='bbox 523 1612 600 1670; x_wconf 88' lang='lat' dir='ltr'>Jahn.</span> <span class='ocrx_word' id='word_1_109' title='bbox 616 1614 674 1669; x_wconf 81' lang='lat' dir='ltr'>lier.</span> <span class='ocrx_word' id='word_1_110' title='bbox 691 1613 739 1669; x_wconf 91' lang='lat' dir='ltr'>der</span> <span class='ocrx_word' id='word_1_111' title='bbox 755 1612 847 1669; x_wconf 75' lang='lat' dir='ltr'>Sachs.</span> <span class='ocrx_word' id='word_1_112' title='bbox 863 1613 923 1670; x_wconf 87' lang='lat' dir='ltr'>Ges.</span> <span class='ocrx_word' id='word_1_113' title='bbox 945 1614 970 1670; x_wconf 89' lang='lat' dir='ltr'>d.</span> <span class='ocrx_word' id='word_1_114' title='bbox 986 1613 1071 1669; x_wconf 89' lang='lat' dir='ltr'>Wiss.</span> <span class='ocrx_word' id='word_1_115' title='bbox 1089 1611 1171 1670; x_wconf 84' lang='lat'>1851</span> 
     </span>
     <span class='ocr_line' id='line_1_16' title="bbox 227 1697 464 1772; baseline -0.004 -1"><span class='ocrx_word' id='word_1_116' title='bbox 227 1715 253 1771; x_wconf 84' lang='lat' dir='ltr'>r·</span> <span class='ocrx_word' id='word_1_117' title='bbox 271 1697 332 1756; x_wconf 79' lang='grc'>335</span> <span class='ocrx_word' id='word_1_118' title='bbox 349 1697 464 1772; x_wconf 73' lang='lat' dir='ltr'>saain-</span> 
     </span>
    </p>

    <p class='ocr_par' dir='ltr' id='par_1_4' title="bbox 220 1781 1174 3132">
     <span class='ocr_line' id='line_1_17' title="bbox 290 1781 1173 1856; baseline 0.001 -19"><span class='ocrx_word' id='word_1_119' title='bbox 290 1781 384 1856; x_wconf 84' lang='lat' dir='ltr'>Neque</span> <span class='ocrx_word' id='word_1_120' title='bbox 399 1799 467 1838; x_wconf 90' lang='lat' dir='ltr'>uero</span> <span class='ocrx_word' id='word_1_121' title='bbox 483 1781 599 1838; x_wconf 89' lang='lat' dir='ltr'>schedae</span> <span class='ocrx_word' id='word_1_122' title='bbox 621 1782 679 1838; x_wconf 83' lang='lat' dir='ltr'>ah.</span> <span class='ocrx_word' id='word_1_123' title='bbox 697 1785 727 1839; x_wconf 77' lang='lat' dir='ltr'>A.</span> <span class='ocrx_word' id='word_1_124' title='bbox 745 1782 846 1840; x_wconf 84' lang='lat' dir='ltr'>Seneca</span> <span class='ocrx_word' id='word_1_125' title='bbox 862 1785 980 1856; x_wconf 89' lang='lat' dir='ltr'>scriptae</span> <span class='ocrx_word' id='word_1_126' title='bbox 1001 1783 1069 1839; x_wconf 91' lang='lat' dir='ltr'>alias</span> <span class='ocrx_word' id='word_1_127' title='bbox 1083 1784 1173 1839; x_wconf 91' lang='lat' dir='ltr'>conti·</span> 
     </span>
     <span class='ocr_line' id='line_1_18' title="bbox 222 1864 1174 1941; baseline 0.002 -20"><span class='ocrx_word' id='word_1_128' title='bbox 222 1865 324 1922; x_wconf 84' lang='lat' dir='ltr'>nebant</span> <span class='ocrx_word' id='word_1_129' title='bbox 344 1864 450 1924; x_wconf 90' lang='lat' dir='ltr'>labulas</span> <span class='ocrx_word' id='word_1_130' title='bbox 476 1866 531 1922; x_wconf 90' lang='lat' dir='ltr'>nisi</span> <span class='ocrx_word' id='word_1_131' title='bbox 551 1867 659 1940; x_wconf 89' lang='lat' dir='ltr'>priores</span> <span class='ocrx_word' id='word_1_132' title='bbox 680 1877 752 1925; x_wconf 88' lang='lat' dir='ltr'>octo.</span> <span class='ocrx_word' id='word_1_133' title='bbox 796 1869 861 1925; x_wconf 90' lang='lat' dir='ltr'>Nam</span> <span class='ocrx_word' id='word_1_134' title='bbox 890 1884 958 1941; x_wconf 91' lang='lat' dir='ltr'>quae</span> <span class='ocrx_word' id='word_1_135' title='bbox 981 1868 1008 1922; x_wconf 95' lang='lat' dir='ltr'>in</span> <span class='ocrx_word' id='word_1_136' title='bbox 1030 1866 1174 1923; x_wconf 88' lang='lat' dir='ltr'>codicibus</span> 
     </span>
     <span class='ocr_line' id='line_1_19' title="bbox 223 1952 1172 2026; baseline 0.002 -20"><span class='ocrx_word' id='word_1_137' title='bbox 223 1959 356 2008; x_wconf 90' lang='lat' dir='ltr'>secuntur</span> <span class='ocrx_word' id='word_1_138' title='bbox 376 1953 582 2025; x_wconf 81' lang='lat' dir='ltr'>Agamemno</span> <span class='ocrx_word' id='word_1_139' title='bbox 611 1960 638 2008; x_wconf 91' lang='lat' dir='ltr'>et</span> <span class='ocrx_word' id='word_1_140' title='bbox 659 1953 831 2008; x_wconf 89' lang='lat' dir='ltr'>Hercules</span> <span class='ocrx_word' id='word_1_141' title='bbox 857 1952 949 2009; x_wconf 90' lang='lat' dir='ltr'>alter</span> <span class='ocrx_word' id='word_1_142' title='bbox 973 1969 1019 2008; x_wconf 91' lang='lat' dir='ltr'>eas</span> <span class='ocrx_word' id='word_1_143' title='bbox 1044 1967 1172 2026; x_wconf 91' lang='lat' dir='ltr'>nequea</span> 
     </span>
     <span class='ocr_line' id='line_1_20' title="bbox 221 2035 1172 2111; baseline 0.002 -21"><span class='ocrx_word' id='word_1_144' title='bbox 221 2035 387 2110; x_wconf 91' lang='lat' dir='ltr'>philosopho</span> <span class='ocrx_word' id='word_1_145' title='bbox 408 2037 469 2110; x_wconf 88' lang='lat' dir='ltr'>lpso</span> <span class='ocrx_word' id='word_1_146' title='bbox 492 2052 580 2111; x_wconf 90' lang='lat' dir='ltr'>neque</span> <span class='ocrx_word' id='word_1_147' title='bbox 602 2035 634 2094; x_wconf 90' lang='lat' dir='ltr'>ah</span> <span class='ocrx_word' id='word_1_148' title='bbox 664 2035 769 2110; x_wconf 87' lang='lat' dir='ltr'>aequali</span> <span class='ocrx_word' id='word_1_149' title='bbox 792 2038 907 2110; x_wconf 88' lang='lat' dir='ltr'>quodam</span> <span class='ocrx_word' id='word_1_150' title='bbox 929 2039 1087 2111; x_wconf 91' lang='lat' dir='ltr'>conpositas</span> <span class='ocrx_word' id='word_1_151' title='bbox 1110 2053 1172 2093; x_wconf 91' lang='lat' dir='ltr'>esse</span> 
     </span>
     <span class='ocr_line' id='line_1_21' title="bbox 223 2119 1173 2197; baseline -0.001 -18"><span class='ocrx_word' id='word_1_152' title='bbox 223 2121 384 2179; x_wconf 87' lang='lat' dir='ltr'>certissimis</span> <span class='ocrx_word' id='word_1_153' title='bbox 400 2122 569 2196; x_wconf 83' lang='lat' dir='ltr'>argumentis</span> <span class='ocrx_word' id='word_1_154' title='bbox 580 2130 674 2196; x_wconf 91' lang='lat' dir='ltr'>potest</span> <span class='ocrx_word' id='word_1_155' title='bbox 689 2119 840 2195; x_wconf 79' lang='lat' dir='ltr'>eniuci**).</span> <span class='ocrx_word' id='word_1_156' title='bbox 865 2121 937 2190; x_wconf 82' lang='lat' dir='ltr'>Quas</span> <span class='ocrx_word' id='word_1_157' title='bbox 954 2122 1000 2195; x_wconf 90' lang='lat' dir='ltr'>qui</span> <span class='ocrx_word' id='word_1_158' title='bbox 1017 2138 1173 2197; x_wconf 89' lang='lat' dir='ltr'>conposue-</span> 
     </span>
     <span class='ocr_line' id='line_1_22' title="bbox 222 2207 1171 2282; baseline 0.003 -21"><span class='ocrx_word' id='word_1_159' title='bbox 222 2213 288 2262; x_wconf 88' lang='lat' dir='ltr'>runt</span> <span class='ocrx_word' id='word_1_160' title='bbox 309 2224 363 2263; x_wconf 90' lang='lat' dir='ltr'>non</span> <span class='ocrx_word' id='word_1_161' title='bbox 391 2207 479 2264; x_wconf 91' lang='lat' dir='ltr'>solnm</span> <span class='ocrx_word' id='word_1_162' title='bbox 501 2223 589 2281; x_wconf 92' lang='lat' dir='ltr'>neque</span> <span class='ocrx_word' id='word_1_163' title='bbox 617 2210 645 2263; x_wconf 93' lang='lat' dir='ltr'>in</span> <span class='ocrx_word' id='word_1_164' title='bbox 668 2210 778 2271; x_wconf 84' lang='lat' dir='ltr'>metris,</span> <span class='ocrx_word' id='word_1_165' title='bbox 808 2207 960 2282; x_wconf 86' lang='lat' dir='ltr'>anapaestis</span> <span class='ocrx_word' id='word_1_166' title='bbox 986 2209 1171 2282; x_wconf 90' lang='lat' dir='ltr'>potissimum,</span> 
     </span>
     <span class='ocr_line' id='line_1_23' title="bbox 223 2290 1173 2366; baseline 0.002 -19"><span class='ocrx_word' id='word_1_167' title='bbox 223 2291 370 2347; x_wconf 87' lang='lat' dir='ltr'>condendis</span> <span class='ocrx_word' id='word_1_168' title='bbox 393 2299 420 2348; x_wconf 94' lang='lat' dir='ltr'>et</span> <span class='ocrx_word' id='word_1_169' title='bbox 442 2294 469 2348; x_wconf 92' lang='lat' dir='ltr'>in</span> <span class='ocrx_word' id='word_1_170' title='bbox 486 2290 616 2349; x_wconf 90' lang='lat' dir='ltr'>diuerhiis</span> <span class='ocrx_word' id='word_1_171' title='bbox 638 2292 787 2349; x_wconf 90' lang='lat' dir='ltr'>secundum</span> <span class='ocrx_word' id='word_1_172' title='bbox 808 2292 896 2365; x_wconf 88' lang='lat' dir='ltr'>legem</span> <span class='ocrx_word' id='word_1_173' title='bbox 918 2293 1083 2366; x_wconf 89' lang='lat' dir='ltr'>strophicam</span> <span class='ocrx_word' id='word_1_174' title='bbox 1105 2309 1173 2349; x_wconf 93' lang='lat' dir='ltr'>con-</span> 
     </span>
     <span class='ocr_line' id='line_1_24' title="bbox 223 2375 1170 2441; baseline 0.001 -9"><span class='ocrx_word' id='word_1_175' title='bbox 223 2375 369 2432; x_wconf 88' lang='lat' dir='ltr'>stituendis</span> <span class='ocrx_word' id='word_1_176' title='bbox 396 2376 427 2433; x_wconf 90' lang='lat' dir='ltr'>ad</span> <span class='ocrx_word' id='word_1_177' title='bbox 450 2385 620 2433; x_wconf 87' lang='lat' dir='ltr'>constantem</span> <span class='ocrx_word' id='word_1_178' title='bbox 643 2377 762 2434; x_wconf 88' lang='lat' dir='ltr'>Senecae</span> <span class='ocrx_word' id='word_1_179' title='bbox 783 2392 906 2433; x_wconf 88' lang='lat' dir='ltr'>normam</span> <span class='ocrx_word' id='word_1_180' title='bbox 933 2394 963 2433; x_wconf 93' lang='lat' dir='ltr'>se</span> <span class='ocrx_word' id='word_1_181' title='bbox 984 2380 1170 2441; x_wconf 83' lang='lat' dir='ltr'>accinxerunt,</span> 
     </span>
     <span class='ocr_line' id='line_1_25' title="bbox 222 2462 1169 2536; baseline 0.003 -20"><span class='ocrx_word' id='word_1_182' title='bbox 222 2477 318 2519; x_wconf 91' lang='lat' dir='ltr'>uerum</span> <span class='ocrx_word' id='word_1_183' title='bbox 335 2463 416 2517; x_wconf 87' lang='lat' dir='ltr'>etiarn</span> <span class='ocrx_word' id='word_1_184' title='bbox 432 2463 459 2516; x_wconf 94' lang='lat' dir='ltr'>in</span> <span class='ocrx_word' id='word_1_185' title='bbox 476 2463 549 2518; x_wconf 90' lang='lat' dir='ltr'>iusto</span> <span class='ocrx_word' id='word_1_186' title='bbox 566 2478 743 2536; x_wconf 92' lang='lat' dir='ltr'>personarum</span> <span class='ocrx_word' id='word_1_187' title='bbox 759 2479 874 2518; x_wconf 91' lang='lat' dir='ltr'>numero</span> <span class='ocrx_word' id='word_1_188' title='bbox 890 2463 1026 2518; x_wconf 89' lang='lat' dir='ltr'>seruando</span> <span class='ocrx_word' id='word_1_189' title='bbox 1041 2462 1069 2518; x_wconf 90' lang='lat' dir='ltr'>in</span> <span class='ocrx_word' id='word_1_190' title='bbox 1081 2464 1169 2520; x_wconf 90' lang='lat' dir='ltr'>choro</span> 
     </span>
     <span class='ocr_line' id='line_1_26' title="bbox 222 2541 1170 2621; baseline 0.003 -21"><span class='ocrx_word' id='word_1_191' title='bbox 222 2545 376 2602; x_wconf 85' lang='lat' dir='ltr'>adhihenda</span> <span class='ocrx_word' id='word_1_192' title='bbox 398 2548 480 2621; x_wconf 92' lang='lat' dir='ltr'>inque</span> <span class='ocrx_word' id='word_1_193' title='bbox 503 2546 563 2602; x_wconf 90' lang='lat' dir='ltr'>aliis</span> <span class='ocrx_word' id='word_1_194' title='bbox 578 2547 672 2604; x_wconf 91' lang='lat' dir='ltr'>multis</span> <span class='ocrx_word' id='word_1_195' title='bbox 688 2546 771 2603; x_wconf 74' lang='lat' dir='ltr'>relius</span> <span class='ocrx_word' id='word_1_196' title='bbox 787 2547 819 2603; x_wconf 91' lang='lat' dir='ltr'>ad</span> <span class='ocrx_word' id='word_1_197' title='bbox 841 2541 1016 2619; x_wconf 82' lang='grc' dir='ltr'><strong><em>οἰκονομίαν</em></strong></span> <span class='ocrx_word' id='word_1_198' title='bbox 1030 2547 1170 2621; x_wconf 85' lang='lat' dir='ltr'>pertinen·</span> 
     </span>
     <span class='ocr_line' id='line_1_27' title="bbox 224 2629 1170 2706; baseline 0.002 -21"><span class='ocrx_word' id='word_1_199' title='bbox 224 2629 296 2686; x_wconf 89' lang='lat' dir='ltr'>tibus</span> <span class='ocrx_word' id='word_1_200' title='bbox 319 2648 333 2687; x_wconf 92' lang='lat' dir='ltr'>a</span> <span class='ocrx_word' id='word_1_201' title='bbox 356 2632 543 2689; x_wconf 88' lang='lat' dir='ltr'>seueriorihus</span> <span class='ocrx_word' id='word_1_202' title='bbox 566 2632 633 2688; x_wconf 89' lang='lat' dir='ltr'>artis</span> <span class='ocrx_word' id='word_1_203' title='bbox 654 2634 810 2706; x_wconf 88' lang='lat' dir='ltr'>praeceptis</span> <span class='ocrx_word' id='word_1_204' title='bbox 835 2640 1010 2689; x_wconf 84' lang='lat' dir='ltr'>recesserunt</span> <span class='ocrx_word' id='word_1_205' title='bbox 1033 2640 1061 2688; x_wconf 90' lang='lat' dir='ltr'>et</span> <span class='ocrx_word' id='word_1_206' title='bbox 1080 2634 1170 2688; x_wconf 88' lang='lat' dir='ltr'>mani-</span> 
     </span>
     <span class='ocr_line' id='line_1_28' title="bbox 222 2714 1168 2792; baseline 0.003 -22"><span class='ocrx_word' id='word_1_207' title='bbox 222 2714 291 2772; x_wconf 88' lang='lat' dir='ltr'>lesta</span> <span class='ocrx_word' id='word_1_208' title='bbox 308 2725 371 2773; x_wconf 91' lang='lat' dir='ltr'>octo</span> <span class='ocrx_word' id='word_1_209' title='bbox 387 2719 511 2791; x_wconf 91' lang='lat' dir='ltr'>priorum</span> <span class='ocrx_word' id='word_1_210' title='bbox 529 2718 730 2792; x_wconf 88' lang='lat' dir='ltr'>tragoediarum</span> <span class='ocrx_word' id='word_1_211' title='bbox 746 2718 898 2773; x_wconf 90' lang='lat' dir='ltr'>imitatione</span> <span class='ocrx_word' id='word_1_212' title='bbox 912 2733 967 2773; x_wconf 92' lang='lat' dir='ltr'>non</span> <span class='ocrx_word' id='word_1_213' title='bbox 980 2718 1071 2774; x_wconf 90' lang='lat' dir='ltr'>minus</span> <span class='ocrx_word' id='word_1_214' title='bbox 1087 2733 1168 2790; x_wconf 90' lang='lat' dir='ltr'>qnam</span> 
     </span>
     <span class='ocr_line' id='line_1_29' title="bbox 221 2800 1170 2875; baseline -0.001 -18"><span class='ocrx_word' id='word_1_215' title='bbox 221 2817 275 2874; x_wconf 92' lang='lat' dir='ltr'>quo</span> <span class='ocrx_word' id='word_1_216' title='bbox 297 2802 339 2858; x_wconf 90' lang='lat' dir='ltr'>usi</span> <span class='ocrx_word' id='word_1_217' title='bbox 362 2810 427 2858; x_wconf 91' lang='lat' dir='ltr'>sunt</span> <span class='ocrx_word' id='word_1_218' title='bbox 441 2802 547 2859; x_wconf 91' lang='lat' dir='ltr'>dicendi</span> <span class='ocrx_word' id='word_1_219' title='bbox 564 2818 665 2875; x_wconf 86' lang='lat' dir='ltr'>genere</span> <span class='ocrx_word' id='word_1_220' title='bbox 687 2803 719 2858; x_wconf 87' lang='lat' dir='ltr'>ah</span> <span class='ocrx_word' id='word_1_221' title='bbox 741 2817 878 2859; x_wconf 89' lang='lat' dir='ltr'>annaeauo</span> <span class='ocrx_word' id='word_1_222' title='bbox 899 2818 955 2858; x_wconf 90' lang='lat' dir='ltr'>non</span> <span class='ocrx_word' id='word_1_223' title='bbox 970 2802 1077 2859; x_wconf 91' lang='lat' dir='ltr'>modice</span> <span class='ocrx_word' id='word_1_224' title='bbox 1092 2800 1170 2857; x_wconf 88' lang='lat' dir='ltr'>dille·</span> 
     </span>
     <span class='ocr_line' id='line_1_30' title="bbox 220 2886 1168 2961; baseline 0.002 -20"><span class='ocrx_word' id='word_1_225' title='bbox 220 2894 299 2943; x_wconf 86' lang='lat' dir='ltr'>rente</span> <span class='ocrx_word' id='word_1_226' title='bbox 322 2888 472 2943; x_wconf 86' lang='lat' dir='ltr'>imitatores</span> <span class='ocrx_word' id='word_1_227' title='bbox 495 2903 556 2943; x_wconf 91' lang='lat' dir='ltr'>sese</span> <span class='ocrx_word' id='word_1_228' title='bbox 575 2888 704 2961; x_wconf 88' lang='lat' dir='ltr'>produnt.</span> <span class='ocrx_word' id='word_1_229' title='bbox 741 2887 797 2942; x_wconf 90' lang='lat' dir='ltr'>Hae</span> <span class='ocrx_word' id='word_1_230' title='bbox 813 2888 898 2959; x_wconf 90' lang='lat' dir='ltr'>igitur</span> <span class='ocrx_word' id='word_1_231' title='bbox 913 2886 1034 2951; x_wconf 84' lang='lat' dir='ltr'>lahulae,</span> <span class='ocrx_word' id='word_1_232' title='bbox 1057 2903 1118 2943; x_wconf 91' lang='lat' dir='ltr'>cum</span> <span class='ocrx_word' id='word_1_233' title='bbox 1139 2888 1168 2943; x_wconf 91' lang='lat' dir='ltr'>iu</span> 
     </span>
     <span class='ocr_line' id='line_1_31' title="bbox 220 2971 1169 3046; baseline 0.002 -20"><span class='ocrx_word' id='word_1_234' title='bbox 220 2979 365 3045; x_wconf 91' lang='lat' dir='ltr'>utramque</span> <span class='ocrx_word' id='word_1_235' title='bbox 386 2973 574 3029; x_wconf 90' lang='lat' dir='ltr'>recensionem</span> <span class='ocrx_word' id='word_1_236' title='bbox 597 2988 641 3028; x_wconf 90' lang='lat' dir='ltr'>eas</span> <span class='ocrx_word' id='word_1_237' title='bbox 664 2971 807 3027; x_wconf 88' lang='lat' dir='ltr'>transiisse</span> <span class='ocrx_word' id='word_1_238' title='bbox 827 2979 949 3034; x_wconf 86' lang='lat' dir='ltr'>constet,</span> <span class='ocrx_word' id='word_1_239' title='bbox 971 2980 1036 3046; x_wconf 89' lang='lat' dir='ltr'>post</span> <span class='ocrx_word' id='word_1_240' title='bbox 1050 2972 1169 3029; x_wconf 89' lang='lat' dir='ltr'>Senecae</span> 
     </span>
     <span class='ocr_line' id='line_1_32' title="bbox 220 3055 1168 3132; baseline 0.002 -21"><span class='ocrx_word' id='word_1_241' title='bbox 220 3064 335 3111; x_wconf 90' lang='lat' dir='ltr'>mortem</span> <span class='ocrx_word' id='word_1_242' title='bbox 358 3056 446 3113; x_wconf 91' lang='lat' dir='ltr'>abeis</span> <span class='ocrx_word' id='word_1_243' title='bbox 463 3060 508 3131; x_wconf 92' lang='lat' dir='ltr'>qui</span> <span class='ocrx_word' id='word_1_244' title='bbox 524 3055 633 3113; x_wconf 91' lang='lat' dir='ltr'>lihellos</span> <span class='ocrx_word' id='word_1_245' title='bbox 650 3056 849 3132; x_wconf 87' lang='lat' dir='ltr'>tragoediarum</span> <span class='ocrx_word' id='word_1_246' title='bbox 873 3055 906 3112; x_wconf 91' lang='lat' dir='ltr'>ab</span> <span class='ocrx_word' id='word_1_247' title='bbox 927 3072 960 3112; x_wconf 93' lang='lat' dir='ltr'>eo</span> <span class='ocrx_word' id='word_1_248' title='bbox 974 3056 1086 3113; x_wconf 88' lang='lat' dir='ltr'>relictos</span> <span class='ocrx_word' id='word_1_249' title='bbox 1101 3074 1168 3131; x_wconf 91' lang='lat' dir='ltr'>pos·</span> 
     </span>
    </p>
   </div>
   <div class='ocr_carea' id='block_1_4' title="bbox 216 3253 1169 3729">
    <p class='ocr_par' dir='ltr' id='par_1_5' title="bbox 218 3253 1169 3454">
     <span class='ocr_line' id='line_1_33' title="bbox 287 3253 1169 3322; baseline -0.001 -18"><span class='ocrx_word' id='word_1_250' title='bbox 287 3253 313 3320; x_wconf 72' lang='lat'>¹¹²)</span> <span class='ocrx_word' id='word_1_251' title='bbox 334 3255 377 3304; x_wconf 85' lang='lat' dir='ltr'>De</span> <span class='ocrx_word' id='word_1_252' title='bbox 391 3253 580 3306; x_wconf 81' lang='lat' dir='ltr'>Gracchorum</span> <span class='ocrx_word' id='word_1_253' title='bbox 594 3254 736 3306; x_wconf 85' lang='lat' dir='ltr'>Ciceronis</span> <span class='ocrx_word' id='word_1_254' title='bbox 748 3256 869 3322; x_wconf 84' lang='lat' dir='ltr'>Vergilii</span> <span class='ocrx_word' id='word_1_255' title='bbox 887 3254 1058 3321; x_wconf 86' lang='lat' dir='ltr'>idiographis</span> <span class='ocrx_word' id='word_1_256' title='bbox 1071 3270 1098 3304; x_wconf 86' lang='lat' dir='ltr'>a.</span> <span class='ocrx_word' id='word_1_257' title='bbox 1111 3255 1169 3305; x_wconf 88' lang='lat' dir='ltr'>Pli-</span> 
     </span>
     <span class='ocr_line' id='line_1_34' title="bbox 218 3322 1169 3376; baseline 0.001 -4"><span class='ocrx_word' id='word_1_258' title='bbox 218 3322 358 3373; x_wconf 72' lang='lat' dir='ltr'>niusuh.</span> <span class='ocrx_word' id='word_1_259' title='bbox 376 3323 479 3374; x_wconf 77' lang='lat'>111183</span> <span class='ocrx_word' id='word_1_260' title='bbox 500 3324 526 3373; x_wconf 83' lang='lat' dir='ltr'>J.</span> <span class='ocrx_word' id='word_1_261' title='bbox 541 3322 650 3373; x_wconf 81' lang='lat' dir='ltr'>Gellius</span> <span class='ocrx_word' id='word_1_262' title='bbox 662 3340 719 3373; x_wconf 86' lang='lat' dir='ltr'>x111</span> <span class='ocrx_word' id='word_1_263' title='bbox 732 3326 794 3373; x_wconf 76' lang='lat'>214</span> <span class='ocrx_word' id='word_1_264' title='bbox 816 3326 897 3376; x_wconf 79' lang='lat'><strong>1135</strong></span> <span class='ocrx_word' id='word_1_265' title='bbox 917 3326 1061 3375; x_wconf 78' lang='lat' dir='ltr'><strong>v1111147</strong></span> <span class='ocrx_word' id='word_1_266' title='bbox 1082 3325 1169 3373; x_wconf 77' lang='lat'>1212</span> 
     </span>
     <span class='ocr_line' id='line_1_35' title="bbox 218 3390 515 3454; baseline -0.007 -13"><span class='ocrx_word' id='word_1_267' title='bbox 218 3390 408 3454; x_wconf 80' lang='lat' dir='ltr'>Quintilianus</span> <span class='ocrx_word' id='word_1_268' title='bbox 421 3407 432 3441; x_wconf 84' lang='lat' dir='ltr'>s</span> <span class='ocrx_word' id='word_1_269' title='bbox 446 3393 461 3440; x_wconf 80' lang='grc'><strong>7</strong></span> <span class='ocrx_word' id='word_1_270' title='bbox 474 3392 515 3442; x_wconf 74' lang='lat'>20.</span> 
     </span>
    </p>

    <p class='ocr_par' dir='ltr' id='par_1_6' title="bbox 216 3456 1168 3729">
     <span class='ocr_line' id='line_1_36' title="bbox 286 3456 1167 3526; baseline 0 -19"><span class='ocrx_word' id='word_1_271' title='bbox 286 3457 330 3520; x_wconf 83' lang='grc'>**)</span> <span class='ocrx_word' id='word_1_272' title='bbox 352 3459 412 3508; x_wconf 84' lang='lat' dir='ltr'>Has</span> <span class='ocrx_word' id='word_1_273' title='bbox 430 3458 499 3508; x_wconf 85' lang='lat' dir='ltr'>duas</span> <span class='ocrx_word' id='word_1_274' title='bbox 516 3458 627 3508; x_wconf 84' lang='lat' dir='ltr'>fabulas</span> <span class='ocrx_word' id='word_1_275' title='bbox 642 3474 658 3508; x_wconf 86' lang='lat' dir='ltr'>a</span> <span class='ocrx_word' id='word_1_276' title='bbox 671 3456 779 3509; x_wconf 80' lang='lat' dir='ltr'>Seneca</span> <span class='ocrx_word' id='word_1_277' title='bbox 791 3461 909 3526; x_wconf 85' lang='lat' dir='ltr'>scriptas</span> <span class='ocrx_word' id='word_1_278' title='bbox 927 3474 988 3511; x_wconf 84' lang='lat' dir='ltr'>esse</span> <span class='ocrx_word' id='word_1_279' title='bbox 1001 3459 1117 3523; x_wconf 86' lang='lat' dir='ltr'>negauit</span> <span class='ocrx_word' id='word_1_280' title='bbox 1133 3457 1167 3508; x_wconf 86' lang='lat' dir='ltr'>R.</span> 
     </span>
     <span class='ocr_line' id='line_1_37' title="bbox 216 3524 1168 3593; baseline -0.006 -13"><span class='ocrx_word' id='word_1_281' title='bbox 216 3524 363 3580; x_wconf 85' lang='lat' dir='ltr'>Bentleius</span> <span class='ocrx_word' id='word_1_282' title='bbox 376 3542 469 3589; x_wconf 89' lang='lat' dir='ltr'>opusc.</span> <span class='ocrx_word' id='word_1_283' title='bbox 485 3526 528 3577; x_wconf 87' lang='lat' dir='ltr'>ad.</span> <span class='ocrx_word' id='word_1_284' title='bbox 541 3528 617 3591; x_wconf 85' lang='lat' dir='ltr'>Lips.</span> <span class='ocrx_word' id='word_1_285' title='bbox 630 3542 656 3591; x_wconf 87' lang='lat' dir='ltr'>p.</span> <span class='ocrx_word' id='word_1_286' title='bbox 671 3528 730 3577; x_wconf 75' lang='lat'><strong>232.</strong></span> <span class='ocrx_word' id='word_1_287' title='bbox 758 3526 838 3578; x_wconf 81' lang='lat' dir='ltr'>Alter</span> <span class='ocrx_word' id='word_1_288' title='bbox 852 3533 975 3578; x_wconf 87' lang='lat' dir='ltr'>nostrum</span> <span class='ocrx_word' id='word_1_289' title='bbox 989 3528 1035 3593; x_wconf 90' lang='lat' dir='ltr'>qui</span> <span class='ocrx_word' id='word_1_290' title='bbox 1050 3528 1080 3576; x_wconf 87' lang='lat' dir='ltr'>iu</span> <span class='ocrx_word' id='word_1_291' title='bbox 1093 3541 1168 3576; x_wconf 91' lang='lat' dir='ltr'>com-</span> 
     </span>
     <span class='ocr_line' id='line_1_38' title="bbox 216 3592 1166 3661; baseline -0.003 -16"><span class='ocrx_word' id='word_1_292' title='bbox 216 3598 301 3647; x_wconf 84' lang='lat' dir='ltr'>ment.</span> <span class='ocrx_word' id='word_1_293' title='bbox 326 3595 359 3646; x_wconf 88' lang='lat' dir='ltr'>de</span> <span class='ocrx_word' id='word_1_294' title='bbox 378 3593 441 3644; x_wconf 83' lang='lat' dir='ltr'>Seu.</span> <span class='ocrx_word' id='word_1_295' title='bbox 459 3598 531 3658; x_wconf 84' lang='lat' dir='ltr'>trag.</span> <span class='ocrx_word' id='word_1_296' title='bbox 551 3598 625 3643; x_wconf 86' lang='lat' dir='ltr'>auct.</span> <span class='ocrx_word' id='word_1_297' title='bbox 644 3592 781 3659; x_wconf 88' lang='lat' dir='ltr'>Oedipum</span> <span class='ocrx_word' id='word_1_298' title='bbox 803 3610 911 3661; x_wconf 89' lang='lat' dir='ltr'>qnoque</span> <span class='ocrx_word' id='word_1_299' title='bbox 934 3597 963 3645; x_wconf 93' lang='lat' dir='ltr'>in</span> <span class='ocrx_word' id='word_1_300' title='bbox 984 3595 1166 3659; x_wconf 86' lang='lat' dir='ltr'>suspitionem</span> 
     </span>
     <span class='ocr_line' id='line_1_39' title="bbox 216 3660 862 3729; baseline 0.002 -16"><span class='ocrx_word' id='word_1_301' title='bbox 216 3663 342 3729; x_wconf 86' lang='lat' dir='ltr'>uocauit,</span> <span class='ocrx_word' id='word_1_302' title='bbox 362 3662 395 3713; x_wconf 88' lang='lat' dir='ltr'>de</span> <span class='ocrx_word' id='word_1_303' title='bbox 409 3660 461 3713; x_wconf 86' lang='lat' dir='ltr'>hac</span> <span class='ocrx_word' id='word_1_304' title='bbox 473 3661 604 3728; x_wconf 87' lang='lat' dir='ltr'>opinione</span> <span class='ocrx_word' id='word_1_305' title='bbox 617 3660 723 3727; x_wconf 87' lang='lat' dir='ltr'>pridem</span> <span class='ocrx_word' id='word_1_306' title='bbox 736 3664 862 3715; x_wconf 83' lang='lat' dir='ltr'>recessit.</span> 
     </span>
    </p>
   </div>
   <div class='ocr_carea' id='block_1_5' title="bbox 0 0 1380 4250">
    <p class='ocr_par' dir='ltr' id='par_1_7' title="bbox 0 0 1380 4250">
     <span class='ocr_line' id='line_1_40' title="bbox 0 0 1380 4250; baseline 0 4"><span class='ocrx_word' id='word_1_307' title='bbox 0 0 1380 4250; x_wconf 95' lang='lat' dir='ltr'> </span> 
     </span>
    </p>
   </div>
  </div>
 </body>
</html>
