2750 4250
518 389 719 437 Auauuuuo

164 528 251 607 caligo
267 536 296 589 et
311 530 392 589 omrai
407 528 473 590 lune
489 528 634 589 subducta
650 529 759 589 fretum

164 613 328 692 caelumque
344 616 457 675 miscet.
489 613 619 692 undique
634 612 811 674 incumbunt
825 612 911 674 simut

164 702 330 778 rapiuntque
346 698 469 778 pelagus
483 699 585 759 infimo
601 716 740 761 euersum
756 699 820 759 snio

164 785 298 845 aduersus
315 802 387 845 euro
403 784 551 863 zephyrus
566 791 596 844 et
611 784 722 845 boreae
737 790 832 845 notus.

164 867 256 950 &Sua
273 871 397 948 quisque
413 871 502 929 mittit
517 868 573 929 teta
591 877 620 929 et
636 869 735 930 iniesti
749 869 857 929 fretum

164 953 343 1015 emeliuntur.
376 953 465 1014 turbo
481 952 633 1015 conualuit
648 972 746 1013 inere:

162 1041 334 1119 strymonius
350 1039 423 1101 altas
439 1038 537 1115 aquilo
553 1046 730 1115 contorquet
745 1040 829 1100 niues

164 1122 327 1202 libycusque
342 1124 470 1185 harenas
486 1130 585 1185 auster
600 1124 636 1184 ad
653 1130 749 1202 syrtes
763 1126 832 1202 agit.

163 1227 211 1269 nec
224 1216 324 1270 manet
338 1210 368 1270 in
385 1216 500 1270 austro:
525 1210 557 1269 fit
572 1210 674 1285 grauis
690 1208 799 1269 nimbis
814 1216 914 1279 notus,

163 1292 247 1354 irnbre
263 1302 352 1371 auget
366 1294 481 1362 undas,
499 1313 588 1355 eurus
603 1296 747 1354 orientem
763 1301 865 1355 mouet

162 1378 294 1439 nabataea
312 1380 447 1458 quatiens
462 1396 553 1457 regna
571 1388 600 1440 et
615 1397 686 1440 enos
701 1380 793 1439 sinus.

197 1463 269 1535 Quid
284 1464 407 1525 rabidus
422 1481 474 1525 nra
491 1482 578 1525 eorus
593 1482 706 1525 oceane
721 1464 865 1526 exerens!

162 1549 296 1609 nundum
314 1546 420 1610 reuelli
435 1548 556 1609 sedibus
571 1557 665 1611 toturn
681 1550 743 1610 suis

162 1636 291 1713 ipsosque
308 1642 397 1713 rupto
413 1634 553 1695 crederes
567 1634 649 1697 caeto
665 1634 737 1695 dens

162 1717 291 1780 decidere
309 1726 337 1779 et
352 1726 449 1780 atrum
466 1718 556 1780 rebus
572 1720 671 1781 induci
686 1719 786 1781 chaus.

162 1812 242 1864 uento
258 1805 370 1865 resistit
386 1812 484 1866 aestus
500 1811 528 1865 et
544 1812 651 1865 uentus
666 1813 748 1866 retro

161 1898 265 1950 aestum
282 1889 421 1951 reuoluit.
452 1906 511 1949 non
528 1890 606 1968 capit
621 1907 686 1950 sese
702 1907 785 1950 mare

162 1974 307 2053 undasque
323 1977 451 2035 miscent
464 1973 561 2035 imber
577 1983 605 2035 et
620 1975 727 2035 unctus
741 1992 819 2035 suas.

197 2060 256 2120 Nec
271 2061 330 2121 hoe
345 2058 481 2121 leuamen
497 2060 624 2139 denique
640 2061 792 2120 aerumnis
807 2059 893 2120 detur

163 2144 256 2206 uidere
272 2144 378 2207 saltem
395 2154 425 2206 et
440 2163 526 2206 nosse
542 2164 600 2225 qun
616 2154 741 2226 pereant
755 2144 849 2206 maio:

163 2237 292 2304 premunt
306 2230 451 2292 tenebrae
466 2229 576 2291 lumina
592 2238 621 2291 et
637 2230 719 2292 dirae
735 2232 832 2310 Stygis

163 2313 268 2376 interna
284 2334 345 2376 nox
362 2324 416 2377 est.
447 2316 586 2376 excidunt
600 2317 684 2395 ignes
699 2324 797 2376 tannen

163 2405 188 2457 et
200 2400 276 2462 nube
293 2400 391 2460 dirum
407 2400 518 2462 iuhneu
535 2401 605 2461 elisa
622 2403 713 2462 micat

163 2485 330 2565 miserisque
346 2485 420 2546 lueis
434 2493 514 2546 tanta
530 2485 659 2547 dulcedo
675 2493 720 2547 est
735 2484 845 2546 maiae:

164 2565 212 2628 bne
227 2569 328 2631 lumen
346 2577 459 2648 optant.

483 2654 550 2734 Ipsa
566 2674 597 2716 se
613 2655 716 2716 classis
730 2657 839 2736 premit

164 2743 189 2795 et
202 2756 287 2815 prora
304 2758 413 2818 prorae
428 2742 531 2802 necuit
547 2749 575 2801 et
589 2740 674 2802 lateri
688 2740 776 2803 latus.

165 2819 232 2882 itiam
248 2825 404 2886 dehiscens
418 2834 527 2904 pontus
541 2827 571 2886 in
588 2843 734 2906 praeceps
747 2827 827 2906 rapit

165 2903 311 2988 hauritque
327 2919 356 2970 et
372 2910 430 2970 alte
445 2911 591 2972 redditam
606 2913 735 2972 reunmit
750 2916 841 2981 mari,

167 3076 358 3088 ’κὰ-..-

221 3181 271 3230 496
298 3181 458 3246 Rapuitque
481 3190 504 3246 ψ
533 3179 545 3248 Η
574 3181 694 3232 infimum
719 3159 816 3233 ederes
838 3183 902 3248 polo
926 3182 951 3231 E
980 3184 1073 3238 infimo

166 3291 278 3357 euersum
295 3283 354 3332 solo
372 3282 397 3332 A
443 3283 492 3334 497
511 3261 633 3334 Aduersd
653 3283 678 3333 E
683 3282 688 3315 ¹
707 3280 719 3349 Η
734 3286 784 3336 498
807 3287 895 3335 mittit
918 3285 944 3336 Ε
956 3288 980 3337 R
992 3288 1073 3339 Hein-

166 3359 240 3397 nnnee
251 3351 364 3400 mittunt
375 3350 400 3400 A
437 3353 486 3402 501
500 3352 536 3402 ad
547 3352 573 3401 E
585 3353 625 3402 ΛΕ
637 3353 739 3402 JJPau.
752 3357 789 3419 9?
802 3354 967 3406 Germanicus
980 3372 1014 3406 ec
1027 3357 1051 3406 A
1064 3356 1073 3422 d

166 3413 208 3463 504
224 3419 266 3467 ete
285 3434 339 3470 ons
357 3417 441 3484 (price
459 3435 474 3470 ο
494 3438 525 3470 m.
543 3421 616 3482 tert.)
635 3421 660 3469 Ε
671 3417 683 3487 ΙΙ
696 3435 779 3471 sonus
797 3421 833 3470 E¹
852 3424 929 3473 siuns
948 3422 983 3472 E³
995 3421 1008 3489 ΙΙ
1023 3427 1074 3476 505

167 3480 265 3536 rabidus
284 3487 309 3537 Ε
326 3487 440 3552 rapidus
457 3489 483 3539 A
500 3485 512 3554 11
530 3491 580 3540 506
598 3490 710 3540 reueltit
726 3489 752 3538 Ε
769 3489 867 3540 reuelli
884 3492 909 3540 A
927 3487 939 3556 dl
961 3493 1010 3543 507
1028 3507 1073 3542 rn-

168 3552 218 3609 ptos
233 3569 250 3618 9
266 3559 360 3621 reptos
377 3557 402 3605 R
454 3558 503 3608 508
521 3557 666 3608 Decedere
685 3557 711 3606 Ε
731 3554 743 3623 Η
764 3559 813 3608 512
837 3559 919 3608 detur
936 3558 962 3608 E
980 3560 1074 3610 datum

168 3619 203 3665 est
217 3624 240 3668 A
264 3628 306 3673 eat
323 3639 370 3676 om.
389 3624 412 3673 R
452 3627 501 3676 517
520 3626 593 3677 mele
614 3624 660 3692 (sc.
678 3625 786 3690 optent)
805 3625 854 3676 Be.
867 3623 878 3692 Η
891 3629 939 3677 521
958 3644 1034 3679 mare
1053 3645 1075 3679 ω

168 3688 230 3736 mari
248 3691 324 3743 Gran.
343 3698 369 3742 et
387 3693 464 3747 NH.
485 3689 497 3759 ll

212 3786 329 3826 sennenn
349 3792 433 3830 nean.
827 3775 869 3852 22
