2750 4250
268 289 331 353 140
470 301 479 317 ·
547 299 907 350 manumissionem

267 453 297 504 et
311 445 389 503 uicta
404 459 500 518 prono
516 443 624 522 puppis
639 441 775 504 aufertur
791 441 879 503 trado.

267 528 336 606 quid
353 530 428 588 ratio
444 527 557 605 possiti
579 529 651 586 uicit
664 546 699 588 ac
714 535 819 604 regnat
834 527 918 588 iuror

266 621 431 693 potensque
446 619 506 672 tota
522 620 621 672 mente
636 612 805 673 dominatur
820 612 903 672 deus.

227 697 253 772 g'
309 698 364 758 llic
379 697 503 758 uolucer
518 699 598 756 omni
612 695 705 774 pollet
720 697 748 756 in
766 703 844 756 terro
861 701 1000 775 inpotens

266 782 439 862 laesumque
454 781 581 841 flammis
596 789 691 840 torret
706 781 854 841 indomitis
868 781 980 841 Iouem.

266 867 415 927 Gradiuus
430 867 500 927 istas
515 864 642 943 belliger
656 861 749 926 sensit
765 865 861 934 iaces,

266 953 364 1028 opifex
380 949 492 1010 trisulci
508 950 638 1010 lulminis
652 951 745 1010 sensit
760 950 833 1010 deus

267 1043 297 1096 et
312 1037 362 1114 qui
377 1035 513 1097 lureutes
528 1053 647 1114 semper
661 1036 791 1095 aetnaeis
806 1036 884 1113 iugis

265 1128 367 1181 uersat
382 1123 513 1182 caminos
528 1121 597 1196 igne
612 1127 670 1179 tam
686 1137 781 1198 paruo
797 1120 881 1180 calet.

265 1207 421 1282 ipsumque
437 1204 591 1265 Phoebum
607 1204 664 1264 tela
681 1207 731 1282 qui
747 1221 841 1264 neruo
858 1208 948 1282 regit,

265 1290 328 1368 figit
342 1291 446 1367 sagitta
462 1291 571 1350 certior
587 1290 676 1350 missa
693 1307 768 1368 puer
1262 1288 1270 1359 l

265 1373 426 1452 uolitatque
442 1374 523 1435 caelo
537 1375 649 1452 pariter
664 1384 695 1434 et
710 1376 797 1434 terris
813 1375 922 1450 grauis.
1265 1361 1269 1403 l

230 1468 249 1517 h
309 1473 413 1518 uruit.
437 1460 531 1520 Deum
546 1475 612 1519 esse
628 1475 760 1519 amorem
776 1460 871 1536 turpis
886 1467 916 1519 et
929 1460 1000 1519 uitio
1016 1461 1134 1522 furens
1214 1475 1251 1524 tut
1272 1501 1273 1508 1

264 1543 379 1604 linxit
393 1543 513 1604 libido
528 1561 648 1622 quoque
662 1543 786 1604 liberior
801 1543 880 1604 foret

265 1628 381 1691 titulum
397 1630 491 1689 iurori
507 1630 671 1688 numinis
686 1629 700 1687 i
704 1626 775 1689 alsi
790 1629 910 1688 addidit.

264 1721 386 1790 gnatum
402 1732 457 1792 per
473 1714 569 1773 omnis
583 1711 700 1773 scilicet
715 1719 810 1772 terras
826 1731 935 1790 uagum

262 1798 388 1877 Erycina
405 1799 501 1858 mittit.
530 1797 581 1857 ille
596 1815 651 1875 per
666 1796 779 1858 caelum
797 1796 901 1858 uolans

263 1892 404 1960 proteron
419 1889 521 1942 tenera
537 1882 594 1941 tela
610 1881 731 1942 molitur
746 1899 834 1943 manu

264 1985 450 2046 regnumque
465 1974 579 2027 tantum
594 1968 733 2027 minimus
749 1986 765 2028 e
780 1967 897 2045 superis
913 1966 1012 2028 babet.

227 2050 255 2109 h'
309 2052 404 2112 Vana
421 2053 474 2113 ista
491 2051 614 2113 demens
628 2053 743 2111 animus
759 2051 885 2112 atlsciuit
899 2051 956 2112 sibi

258 2140 445 2217 ‘Venerisque
460 2156 593 2199 numen
609 2137 721 2197 linxit
737 2145 824 2216 atque
839 2154 926 2198 arcus
942 2138 999 2199 dei.

264 2223 395 2302 quisquis
410 2223 549 2284 secundis
563 2222 655 2283 rebus
671 2221 781 2282 exultat
796 2223 883 2283 nimis

263 2306 385 2387 fluitque
400 2306 470 2368 luxu
486 2325 604 2387 semper
620 2306 737 2368 insolita
752 2309 871 2386 appetit.

264 2399 335 2453 tunc
350 2392 398 2452 illa
414 2408 538 2469 magnae
553 2392 616 2452 dira
634 2392 770 2453 fortunae
786 2410 886 2453 comcs

263 2477 343 2538 subit
357 2477 490 2539 libido:
514 2494 574 2538 non
590 2476 709 2555 placent
723 2486 824 2538 suetae
842 2477 933 2557 dapes

265 2581 323 2623 non
340 2570 416 2624 tecta
431 2564 494 2623 sani
509 2563 602 2623 moris
618 2570 668 2623 aut
683 2560 750 2622 uilis
764 2567 858 2623 sinus.

212 2647 252 2707 h''
308 2648 368 2709 Cur
383 2650 413 2707 in
428 2657 551 2726 penates
566 2649 664 2708 rarius
678 2654 785 2707 tenues
800 2647 879 2708 subit

262 2819 465 2829 -———

331 2922 379 2971 189
398 2919 471 2985 quod
489 2934 511 2967 r.
525 2918 617 2983 poscit
629 2919 653 2966 A
673 2917 740 2981 quid
752 2933 773 2967 r.
786 2918 873 2983 possit
890 2918 916 2967 E
932 2914 944 2985 ll
964 2920 1054 2969 uincit
1067 2922 1093 2971 A
1113 2924 1191 2973 uicit

262 2988 287 3037 E
307 2986 319 3054 11
344 2991 391 3038 191
411 2993 512 3053 regnat
529 2986 554 3035 A
573 2986 661 3051 pollet
678 2986 704 3035 Ε
722 2992 740 3035 t.
761 2986 805 3036 Gr.
827 2984 838 3052 Η
859 2990 958 3051 potens
976 3004 997 3037 ω
1016 3002 1133 3041 nocens
1155 2996 1191 3042 ci.

263 3056 341 3109 Gron.
361 3057 504 3121 impotens
523 3057 554 3105 oi.
569 3054 645 3104 Nlla.
658 3049 670 3119 ΙΙ
683 3055 732 3103 192
750 3055 893 3118 ipsumque
908 3056 931 3103 A
950 3055 1096 3121 lesumque
1109 3058 1168 3123 Εψ
1181 3056 1190 3125 Η

263 3126 313 3174 194
335 3124 445 3173 trisulci
462 3140 531 3176 corr.
551 3140 582 3174 m.
602 3125 618 3171 2
637 3137 673 3172 ex
691 3122 799 3173 trisulci
816 3122 841 3171 E
865 3119 877 3189 ΙΙ
900 3125 950 3174 200
973 3126 1048 3188 turpi
1066 3127 1190 3178 seruitio

261 3192 402 3254 fauensqi
432 3192 552 3257 turpiter
573 3190 643 3241 uitio
665 3191 766 3240 fauens
792 3205 811 3239 α
840 3191 927 3255 turpis
944 3195 980 3241 et
997 3193 1066 3243 uitio
1085 3194 1189 3246 furens

261 3260 287 3308 Ε
310 3254 322 3325 Η
345 3260 395 3309 206
413 3262 558 3324 regnique
576 3263 609 3312 ci.
628 3260 661 3309 N.
681 3260 730 3309 Hs.
758 3260 788 3307 in
806 3274 920 3324 superos
939 3274 958 3308 α
982 3258 1011 3308 in
1030 3264 1141 3325 superis
1161 3272 1188 3329 ψ

261 3327 403 3393 esuperie
421 3327 470 3379 Eli
498 3324 510 3393 ΙΙ
539 3330 590 3379 210
608 3330 744 3391 appetens
763 3327 789 3376 A
809 3327 917 3391 appetit
935 3326 982 3377 ER
1005 3324 1017 3394 {l
1046 3330 1095 3378 211
1116 3334 1188 3381 tunc

260 3397 338 3447 illum
356 3403 381 3459 ψ
399 3396 472 3445 bunc
490 3396 540 3445 illa
559 3412 578 3446 ot
595 3401 662 3445 tunc
680 3395 730 3445 illu
748 3395 798 3460 Εψ
810 3394 821 3461 Η
834 3397 884 3445 213
902 3395 968 3443 ullis
987 3396 1068 3459 (ullus
1088 3404 1106 3447 t.
1122 3397 1186 3460 Gr.)

261 3466 341 3515 cibus
353 3464 379 3513 Ε
396 3464 461 3514 uilis
474 3465 551 3515 cibus
564 3465 588 3514 A
608 3463 735 3513 humilis
754 3466 795 3513 uei
812 3462 877 3512 nilis
896 3468 985 3512 torus
1002 3466 1034 3513 ci.
1050 3464 1095 3517 Gr.
1113 3466 1185 3517 uilis

260 3534 406 3599 scyphus
428 3535 461 3583 ci.
479 3533 530 3585 Bo.
548 3539 574 3582 et
591 3532 769 3583 Miieciterlicb
798 3532 882 3595 tyrii
906 3532 992 3581 sinus
1014 3534 1045 3582 ci.
1070 3532 1184 3597 Withof.

259 3603 326 3654 uilis
346 3604 436 3652 sinus
453 3603 550 3665 scripsi
566 3617 620 3649 cnm
637 3599 707 3649 Bod.
730 3595 742 3664 ΙΙ
