2750 4250
253 341 295 406 76
530 357 562 402 n.
578 344 712 404 anunm
729 353 889 414 suescas

251 503 392 576 tutusque
406 513 509 559 mensa
524 497 641 574 capitur
655 501 779 574 angusta
795 492 890 556 cibus.
955 500 960 518 ·’

251 598 402 644 uenenum
417 583 447 642 in
461 598 536 642 auro
550 580 671 642 bibitur.
701 587 842 659 expertus
856 577 979 658 loquor:
1136 593 1161 635 a.
1172 595 1256 637 cxxvi

251 665 358 727 mnam
372 666 469 728 bonae
483 665 638 746 praeierre
653 665 803 726 fortunam
819 663 896 725 iicet.

217 755 242 815 e'
296 751 321 812 N
328 769 373 812 on
387 753 500 814 uertice
514 749 565 811 alti
580 751 688 812 montis
702 749 860 828 inpositam
875 748 996 810 domum
1179 753 1230 803 455

253 845 283 897 et
297 837 474 897 eminentem
490 835 594 897 ciuitas
606 834 730 896 humilis
744 835 853 903 tremit,

252 938 318 981 neo
333 920 425 999 irriget
439 919 506 983 altis
520 918 707 999 splendidum
721 919 808 981 tectis
824 917 908 987 ebur,

252 1023 430 1087 somnosque
444 1022 517 1066 non
532 1004 670 1072 defendit
680 1003 837 1066 excubitor
853 1021 945 1065 meos.

252 1108 323 1150 nou
338 1089 482 1152 classibus
495 1091 646 1170 piscamur
661 1097 692 1150 et
705 1097 787 1150 retro
803 1105 886 1150 mare

252 1176 329 1236 iacta
343 1175 480 1253 fugamus
494 1174 807 1236 moienecuentrem
822 1172 992 1253 improbum
1183 1178 1234 1228 too

253 1257 359 1320 alimus
371 1259 483 1321 tributo
498 1261 647 1339 gentium:
664 1257 792 1321 nulius
806 1257 880 1318 mibi

252 1341 330 1405 ultra
346 1344 433 1406 Getas
447 1352 576 1406 metatur
591 1351 620 1406 et
634 1344 761 1406 Parthos
776 1360 857 1422 ager.

212 1429 246 1490 e''
297 1428 373 1490 Non
387 1437 455 1490 ture
471 1429 596 1491 colimur
611 1448 679 1491 nec
694 1448 779 1492 meae
795 1426 915 1490 excluso
930 1427 1001 1490 ioue

253 1523 397 1575 ornantur
412 1533 497 1585 arae,
514 1513 616 1576 nulia
632 1513 810 1576 culminibus
825 1514 901 1575 meis

252 1600 380 1677 inposita
395 1607 480 1661 nutat
494 1599 586 1670 silua,
601 1618 670 1662 nec
685 1601 801 1662 fumant
815 1617 905 1660 manu

252 1701 395 1746 succensa
410 1685 503 1746 muita
517 1693 636 1764 stagna,
652 1702 720 1746 nec
741 1701 846 1746 somno
863 1683 926 1745 dies

251 1767 425 1848 bacchoque
441 1789 499 1832 nox
515 1769 663 1850 iungenda
678 1767 817 1850 peruigiii
832 1768 933 1830 datur:

251 1853 303 1915 sed
319 1872 381 1914 non
395 1856 544 1927 timemur,
560 1863 623 1918 tuta
637 1857 701 1916 sine
717 1853 775 1916 telo
790 1861 835 1914 est
850 1853 955 1914 domus

252 1937 403 2016 rebusque
417 1942 519 2018 paruis
535 1939 592 2002 alta
606 1947 774 2019 praestatur
790 1939 884 2017 quies.

251 2024 372 2086 inmane
386 2042 513 2104 regnum
530 2033 575 2088 est
589 2044 678 2105 posse
693 2026 757 2087 sine
771 2040 866 2100 regno
881 2024 953 2102 pati.
1188 2029 1236 2078 tto

217 2110 244 2170 ‹1'
299 2122 403 2172 ΤΑΝΤ.
426 2110 488 2174 Neo
502 2110 692 2173 abnuendum
708 2117 772 2180 est,.
783 2109 807 2171 si
822 2108 873 2170 dat
887 2107 1045 2188 imperium
1061 2107 1147 2171 deus.

253 2209 335 2258 suu.
364 2214 421 2258 nee
435 2196 633 2277 adpetendum
650 2204 704 2258 est.

251 2294 356 2342 rtur.
736 2282 854 2341 irater
870 2288 903 2340 ut
919 2295 1026 2357 regnes
1041 2288 1139 2355 rogat.

252 2379 332 2427 THY.
355 2366 459 2445 rogati
473 2365 639 2429 timendum
653 2374 708 2428 est.
732 2372 812 2426 errat
827 2365 876 2426 hie
891 2362 997 2443 aliquis
1012 2362 1111 2425 dolus.

252 2465 354 2512 usur.
378 2452 478 2513 redire
492 2453 587 2532 pietas
601 2450 682 2513 unde
698 2458 845 2513 summota
861 2456 905 2512 est
919 2447 1003 2518 solet,

251 2542 430 2616 reparatque
445 2538 526 2597 uires
540 2537 634 2597 iustus
649 2537 772 2597 amissas
788 2553 881 2597 amor.
1189 2542 1236 2590 475

213 2620 239 2680 α’
293 2635 374 2682 suu.
401 2623 488 2693 Amat
503 2622 651 2701 Thyesten
666 2622 776 2683 irater‘t
793 2622 947 2683 aethereas
961 2618 1045 2700 prius

251 2705 410 2785 pertundet
423 2708 529 2769 Arctos
544 2714 653 2785 pontus
669 2715 699 2769 et
712 2707 797 2768 siculi
811 2724 904 2786 rapax

252 2794 394 2854 consistet
410 2801 510 2855 aestus
525 2792 605 2854 unda
621 2800 650 2854 et
665 2793 745 2854 ionio
761 2809 845 2870 seges

250 2886 365 2940 matura
381 2876 494 2958 pelago.
503 2886 608 2956 surget
622 2886 652 2939 et
665 2876 763 2939 lucem
779 2876 859 2939 dabit

250 2980 309 3024 nox
325 2965 507 3036 stratonis,
523 2971 592 3025 aute
607 2981 675 3025 oum
690 2963 817 3025 flammis
833 2981 925 3043 aquae

251 3066 320 3108 cum
335 3056 430 3111 morte
446 3051 506 3111 uita
523 3068 591 3110 cum
607 3050 684 3110 mari
698 3057 805 3111 uentus
823 3049 911 3111 fidem

316 3320 367 3370 452
389 3324 517 3388 totusque
535 3322 561 3373 Ε
583 3325 714 3387 tutusque
733 3323 758 3374 A
786 3319 797 3389 b
826 3328 945 3388 ungusta
963 3323 1041 3375 oibus
1059 3323 1084 3372 E
1108 3322 1172 3389 (titt.

248 3387 469 3455 steeisa2m.)
490 3387 502 3458 ΙΙ
524 3392 575 3441 460
592 3392 685 3441 nonA
703 3391 818 3441 neoER
839 3386 851 3457 ΙΙ
873 3391 924 3441 462
941 3392 1092 3442 metiturA
1111 3409 1173 3444 me-

248 3460 325 3507 tatur
343 3456 398 3507 εΕΕ
414 3476 504 3510 unaco
515 3460 618 3510 Petili
640 3456 652 3525 ΙΙ
680 3461 732 3510 467
751 3458 913 3509 ducendast
937 3458 1078 3526 iungenda
1095 3460 1123 3511 E
1148 3459 1162 3528 ΙΙ

247 3526 299 3575 468
317 3524 444 3576 timemus
463 3544 482 3577 α
508 3528 638 3579 timemur
655 3526 705 3577 ER
739 3523 752 3594 Η
785 3530 834 3578 471
855 3532 898 3579 est
917 3540 930 3579 ε
948 3528 1034 3579 anmi
1068 3522 1080 3593 ΙΙ
1118 3531 1173 3581 472

247 3592 369 3644 ΤΗῩ.Α
387 3610 435 3651 om.
450 3595 477 3645 Ε
503 3592 516 3663 ΙΙ
543 3595 626 3646 estE
641 3612 688 3646 om.
703 3595 728 3644 Α
756 3592 768 3661 ss
796 3595 864 3661 Phy.
884 3596 1010 3647 freterA
1029 3595 1098 3661 Phy.
1121 3614 1172 3649 om.

248 3660 273 3709 Ε
300 3657 314 3729 ΙΙ
342 3663 462 3717 ΤΑΝΤ.
480 3665 568 3716 frater
584 3665 680 3728 scripsi
701 3658 715 3728 Η
