<?xml version="1.0" encoding="UTF-8"?>
<!DOCTYPE html PUBLIC "-//W3C//DTD XHTML 1.0 Transitional//EN"
    "http://www.w3.org/TR/xhtml1/DTD/xhtml1-transitional.dtd">
<html xmlns="http://www.w3.org/1999/xhtml" xml:lang="en" lang="en">
 <head>
  <title>
</title>
<meta http-equiv="Content-Type" content="text/html;charset=utf-8" />
  <meta name='ocr-system' content='tesseract 3.04.00' />
  <meta name='ocr-capabilities' content='ocr_page ocr_carea ocr_par ocr_line ocrx_word'/>
</head>
<body>
  <div class='ocr_page' id='page_1' title='image "./tragoediaeacced00richgoog/tragoediaeacced00richgoog_0212.png"; bbox 0 0 2750 4250; ppageno 0'>
   <div class='ocr_carea' id='block_1_1' title="bbox 275 374 699 423">
    <p class='ocr_par' dir='ltr' id='par_1_1' title="bbox 275 374 699 423">
     <span class='ocr_line' id='line_1_1' title="bbox 275 374 699 423; baseline 0.021 -10"><span class='ocrx_word' id='word_1_1' title='bbox 275 386 294 413; x_wconf 66' lang='lat' dir='ltr'><strong>e</strong></span> <span class='ocrx_word' id='word_1_2' title='bbox 531 374 699 423; x_wconf 76' lang='lat' dir='ltr'><strong>PHAEDRA</strong></span> 
     </span>
    </p>
   </div>
   <div class='ocr_carea' id='block_1_2' title="bbox 135 513 1190 3133">
    <p class='ocr_par' dir='ltr' id='par_1_2' title="bbox 135 513 1190 3133">
     <span class='ocr_line' id='line_1_2' title="bbox 166 513 836 594; baseline 0.004 -21"><span class='ocrx_word' id='word_1_3' title='bbox 166 513 314 590; x_wconf 80' lang='lat' dir='ltr'><strong>stringatur</strong></span> <span class='ocrx_word' id='word_1_4' title='bbox 330 513 425 572; x_wconf 85' lang='lat' dir='ltr'><strong>ensis:</strong></span> <span class='ocrx_word' id='word_1_5' title='bbox 451 517 555 574; x_wconf 84' lang='lat' dir='ltr'><strong>merita</strong></span> <span class='ocrx_word' id='word_1_6' title='bbox 570 514 714 594; x_wconf 89' lang='lat' dir='ltr'><strong>supplicia</strong></span> <span class='ocrx_word' id='word_1_7' title='bbox 730 516 836 592; x_wconf 82' lang='lat' dir='ltr'><strong>exigat.</strong></span> 
     </span>
     <span class='ocr_line' id='line_1_3' title="bbox 167 597 735 678; baseline 0.005 -21"><span class='ocrx_word' id='word_1_8' title='bbox 167 615 197 658; x_wconf 90' lang='lat' dir='ltr'><strong>eu</strong></span> <span class='ocrx_word' id='word_1_9' title='bbox 210 597 378 674; x_wconf 89' lang='lat' dir='ltr'><strong>inpudicum</strong></span> <span class='ocrx_word' id='word_1_10' title='bbox 395 597 477 657; x_wconf 88' lang='lat' dir='ltr'><strong>crine</strong></span> <span class='ocrx_word' id='word_1_11' title='bbox 492 605 630 659; x_wconf 87' lang='lat' dir='ltr'><strong>contorto</strong></span> <span class='ocrx_word' id='word_1_12' title='bbox 645 609 735 678; x_wconf 90' lang='lat' dir='ltr'><strong>caput</strong></span> 
     </span>
     <span class='ocr_line' id='line_1_4' title="bbox 166 679 766 762; baseline 0.007 -21"><span class='ocrx_word' id='word_1_13' title='bbox 166 682 239 742; x_wconf 88' lang='lat' dir='ltr'><strong>laeua</strong></span> <span class='ocrx_word' id='word_1_14' title='bbox 254 679 372 742; x_wconf 84' lang='lat' dir='ltr'><strong>reflexi:</strong></span> <span class='ocrx_word' id='word_1_15' title='bbox 396 683 500 743; x_wconf 84' lang='lat' dir='ltr'><strong>iustior</strong></span> <span class='ocrx_word' id='word_1_16' title='bbox 514 701 676 762; x_wconf 81' lang='lat' dir='ltr'><strong>numquam</strong></span> <span class='ocrx_word' id='word_1_17' title='bbox 693 684 766 746; x_wconf 83' lang='lat' dir='ltr'><strong>ducis</strong></span> 
     </span>
     <span class='ocr_line' id='line_1_5' title="bbox 166 767 794 848; baseline 0.006 -22"><span class='ocrx_word' id='word_1_18' title='bbox 166 767 240 827; x_wconf 90' lang='lat' dir='ltr'><strong>datus</strong></span> <span class='ocrx_word' id='word_1_19' title='bbox 254 769 310 835; x_wconf 83' lang='lat' dir='ltr'><strong>tuis</strong></span> <span class='ocrx_word' id='word_1_20' title='bbox 326 775 372 826; x_wconf 88' lang='lat' dir='ltr'><strong>est</strong></span> <span class='ocrx_word' id='word_1_21' title='bbox 386 769 507 844; x_wconf 84' lang='lat' dir='ltr'><strong>sanguis</strong></span> <span class='ocrx_word' id='word_1_22' title='bbox 521 771 714 848; x_wconf 74' lang='lat' dir='ltr'><strong>arquitenens</strong></span> <span class='ocrx_word' id='word_1_23' title='bbox 730 770 794 830; x_wconf 87' lang='lat' dir='ltr'><strong>dea.</strong></span> 
     </span>
     <span class='ocr_line' id='line_1_6' title="bbox 140 851 957 931; baseline 0.01 -23"><span class='ocrx_word' id='word_1_24' title='bbox 140 860 153 907; x_wconf 82' lang='lat' dir='ltr'>h</span> <span class='ocrx_word' id='word_1_25' title='bbox 202 865 253 911; x_wconf 80' lang='grc' dir='ltr'><strong>ΡΗ.</strong></span> <span class='ocrx_word' id='word_1_26' title='bbox 275 851 435 930; x_wconf 69' lang='lat' dir='ltr'><strong>Hippolyte</strong></span> <span class='ocrx_word' id='word_1_27' title='bbox 451 870 531 912; x_wconf 89' lang='lat' dir='ltr'><strong>nunc</strong></span> <span class='ocrx_word' id='word_1_28' title='bbox 547 872 595 912; x_wconf 89' lang='lat' dir='ltr'><strong>me</strong></span> <span class='ocrx_word' id='word_1_29' title='bbox 610 861 778 931; x_wconf 86' lang='lat' dir='ltr'><strong>compotem</strong></span> <span class='ocrx_word' id='word_1_30' title='bbox 794 857 856 916; x_wconf 89' lang='lat' dir='ltr'><strong>uoti</strong></span> <span class='ocrx_word' id='word_1_31' title='bbox 873 855 957 918; x_wconf 84' lang='lat' dir='ltr'><strong>iacis:</strong></span> 
     </span>
     <span class='ocr_line' id='line_1_7' title="bbox 166 938 843 1001; baseline 0.009 -7"><span class='ocrx_word' id='word_1_32' title='bbox 166 953 239 994; x_wconf 88' lang='lat' dir='ltr'><strong>sanas</strong></span> <span class='ocrx_word' id='word_1_33' title='bbox 253 938 415 997; x_wconf 84' lang='lat' dir='ltr'><strong>furentem.</strong></span> <span class='ocrx_word' id='word_1_34' title='bbox 446 939 540 998; x_wconf 88' lang='lat' dir='ltr'><strong>maius</strong></span> <span class='ocrx_word' id='word_1_35' title='bbox 555 938 613 998; x_wconf 86' lang='lat' dir='ltr'><strong>hoc</strong></span> <span class='ocrx_word' id='word_1_36' title='bbox 627 947 698 999; x_wconf 86' lang='lat' dir='ltr'><strong>uoto</strong></span> <span class='ocrx_word' id='word_1_37' title='bbox 715 957 783 1000; x_wconf 89' lang='lat' dir='ltr'><strong>meo</strong></span> <span class='ocrx_word' id='word_1_38' title='bbox 800 949 843 1001; x_wconf 91' lang='lat' dir='ltr'><strong>est</strong></span> 
     </span>
     <span class='ocr_line' id='line_1_8' title="bbox 165 1019 1190 1100; baseline 0.006 -20"><span class='ocrx_word' id='word_1_39' title='bbox 165 1019 236 1081; x_wconf 83' lang='lat' dir='ltr'><strong>saluo</strong></span> <span class='ocrx_word' id='word_1_40' title='bbox 251 1021 594 1100; x_wconf 89' lang='lat' dir='ltr'><strong>utpudoremanibus</strong></span> <span class='ocrx_word' id='word_1_41' title='bbox 609 1024 754 1084; x_wconf 89' lang='lat' dir='ltr'><strong>inmoriar</strong></span> <span class='ocrx_word' id='word_1_42' title='bbox 768 1026 835 1086; x_wconf 90' lang='lat' dir='ltr'><strong>tuis.</strong></span> <span class='ocrx_word' id='word_1_43' title='bbox 898 1041 900 1046; x_wconf 81' lang='grc'><strong>’</strong></span> <span class='ocrx_word' id='word_1_44' title='bbox 1087 1037 1137 1086; x_wconf 78' lang='grc'><strong>720</strong></span> <span class='ocrx_word' id='word_1_45' title='bbox 1182 1041 1190 1060; x_wconf 93' lang='grc'>·</span> 
     </span>
     <span class='ocr_line' id='line_1_9' title="bbox 165 1105 890 1186; baseline 0.011 -24"><span class='ocrx_word' id='word_1_46' title='bbox 165 1118 246 1165; x_wconf 76' lang='lat' dir='ltr'><strong>Hire.</strong></span> <span class='ocrx_word' id='word_1_47' title='bbox 263 1105 400 1166; x_wconf 87' lang='lat' dir='ltr'><strong>abscede.</strong></span> <span class='ocrx_word' id='word_1_48' title='bbox 429 1107 513 1166; x_wconf 88' lang='lat' dir='ltr'><strong>uiue:</strong></span> <span class='ocrx_word' id='word_1_49' title='bbox 537 1124 574 1167; x_wconf 89' lang='lat' dir='ltr'><strong>ne</strong></span> <span class='ocrx_word' id='word_1_50' title='bbox 589 1107 660 1186; x_wconf 91' lang='lat' dir='ltr'><strong>quid</strong></span> <span class='ocrx_word' id='word_1_51' title='bbox 675 1127 783 1169; x_wconf 83' lang='lat' dir='ltr'><strong>exores</strong></span> <span class='ocrx_word' id='word_1_52' title='bbox 799 1119 827 1170; x_wconf 90' lang='lat' dir='ltr'><strong>et</strong></span> <span class='ocrx_word' id='word_1_53' title='bbox 843 1109 890 1170; x_wconf 89' lang='lat' dir='ltr'><strong>hic</strong></span> 
     </span>
     <span class='ocr_line' id='line_1_10' title="bbox 166 1191 762 1254; baseline 0.005 -6"><span class='ocrx_word' id='word_1_54' title='bbox 166 1198 304 1250; x_wconf 86' lang='lat' dir='ltr'><strong>contactus</strong></span> <span class='ocrx_word' id='word_1_55' title='bbox 320 1192 400 1250; x_wconf 89' lang='lat' dir='ltr'><strong>ensis</strong></span> <span class='ocrx_word' id='word_1_56' title='bbox 416 1191 533 1252; x_wconf 86' lang='lat' dir='ltr'><strong>deserat</strong></span> <span class='ocrx_word' id='word_1_57' title='bbox 547 1200 661 1252; x_wconf 87' lang='lat' dir='ltr'><strong>castum</strong></span> <span class='ocrx_word' id='word_1_58' title='bbox 676 1193 762 1254; x_wconf 88' lang='lat' dir='ltr'><strong>tatus.</strong></span> 
     </span>
     <span class='ocr_line' id='line_1_11' title="bbox 135 1274 876 1356; baseline 0.011 -26"><span class='ocrx_word' id='word_1_59' title='bbox 135 1275 158 1330; x_wconf 75' lang='lat' dir='ltr'><strong>d&#39;</strong></span> <span class='ocrx_word' id='word_1_60' title='bbox 191 1275 267 1346; x_wconf 67' lang='lat' dir='ltr'><strong>Quis</strong></span> <span class='ocrx_word' id='word_1_61' title='bbox 281 1274 361 1335; x_wconf 88' lang='lat' dir='ltr'><strong>eiuet</strong></span> <span class='ocrx_word' id='word_1_62' title='bbox 377 1293 424 1334; x_wconf 89' lang='lat' dir='ltr'><strong>me</strong></span> <span class='ocrx_word' id='word_1_63' title='bbox 439 1275 563 1336; x_wconf 80' lang='lat' dir='ltr'><strong>Tanais?</strong></span> <span class='ocrx_word' id='word_1_64' title='bbox 585 1285 635 1339; x_wconf 92' lang='lat' dir='ltr'><strong>aut</strong></span> <span class='ocrx_word' id='word_1_65' title='bbox 650 1295 726 1356; x_wconf 91' lang='lat' dir='ltr'><strong>quae</strong></span> <span class='ocrx_word' id='word_1_66' title='bbox 741 1277 876 1339; x_wconf 89' lang='lat' dir='ltr'><strong>barbaris</strong></span> 
     </span>
     <span class='ocr_line' id='line_1_12' title="bbox 165 1359 816 1438; baseline 0.006 -20"><span class='ocrx_word' id='word_1_67' title='bbox 165 1361 274 1419; x_wconf 85' lang='lat' dir='ltr'><strong>maeotis</strong></span> <span class='ocrx_word' id='word_1_68' title='bbox 288 1359 379 1419; x_wconf 87' lang='lat' dir='ltr'><strong>undis</strong></span> <span class='ocrx_word' id='word_1_69' title='bbox 395 1361 517 1438; x_wconf 88' lang='lat' dir='ltr'><strong>pontico</strong></span> <span class='ocrx_word' id='word_1_70' title='bbox 530 1361 707 1422; x_wconf 81' lang='lat' dir='ltr'><strong>incumbens</strong></span> <span class='ocrx_word' id='word_1_71' title='bbox 724 1364 816 1424; x_wconf 81' lang='lat' dir='ltr'><strong>marii</strong></span> 
     </span>
     <span class='ocr_line' id='line_1_13' title="bbox 165 1447 1136 1525; baseline 0.005 -23"><span class='ocrx_word' id='word_1_72' title='bbox 165 1461 214 1503; x_wconf 85' lang='lat' dir='ltr'><strong>uon</strong></span> <span class='ocrx_word' id='word_1_73' title='bbox 229 1447 290 1522; x_wconf 87' lang='lat' dir='ltr'><strong>ipse</strong></span> <span class='ocrx_word' id='word_1_74' title='bbox 304 1452 368 1505; x_wconf 90' lang='lat' dir='ltr'><strong>toto</strong></span> <span class='ocrx_word' id='word_1_75' title='bbox 384 1462 509 1523; x_wconf 80' lang='lat' dir='ltr'><strong>maguus</strong></span> <span class='ocrx_word' id='word_1_76' title='bbox 524 1464 636 1507; x_wconf 88' lang='lat' dir='ltr'><strong>oceano</strong></span> <span class='ocrx_word' id='word_1_77' title='bbox 652 1457 737 1525; x_wconf 90' lang='lat' dir='ltr'><strong>pater</strong></span> <span class='ocrx_word' id='word_1_78' title='bbox 944 1509 948 1518; x_wconf 64' lang='grc'><strong>,</strong></span> <span class='ocrx_word' id='word_1_79' title='bbox 1087 1459 1136 1507; x_wconf 74' lang='lat'><strong>725</strong></span> 
     </span>
     <span class='ocr_line' id='line_1_14' title="bbox 165 1529 851 1608; baseline 0.006 -21"><span class='ocrx_word' id='word_1_80' title='bbox 165 1535 267 1589; x_wconf 88' lang='lat' dir='ltr'><strong>tantum</strong></span> <span class='ocrx_word' id='word_1_81' title='bbox 283 1531 410 1608; x_wconf 83' lang='lat' dir='ltr'><strong>expiarit</strong></span> <span class='ocrx_word' id='word_1_82' title='bbox 424 1529 555 1596; x_wconf 86' lang='lat' dir='ltr'><strong>sceleris.</strong></span> <span class='ocrx_word' id='word_1_83' title='bbox 586 1550 603 1591; x_wconf 89' lang='grc' dir='ltr'>ο</span> <span class='ocrx_word' id='word_1_84' title='bbox 619 1531 711 1592; x_wconf 89' lang='lat' dir='ltr'><strong>siluae</strong></span> <span class='ocrx_word' id='word_1_85' title='bbox 728 1551 745 1590; x_wconf 91' lang='lat' dir='ltr'>o</span> <span class='ocrx_word' id='word_1_86' title='bbox 762 1531 851 1592; x_wconf 88' lang='lat' dir='ltr'><strong>terae.</strong></span> 
     </span>
     <span class='ocr_line' id='line_1_15' title="bbox 139 1613 1068 1696; baseline 0.005 -25"><span class='ocrx_word' id='word_1_87' title='bbox 139 1636 152 1682; x_wconf 80' lang='lat' dir='ltr'>g</span> <span class='ocrx_word' id='word_1_88' title='bbox 200 1627 273 1674; x_wconf 79' lang='lat' dir='ltr'><strong>uva.</strong></span> <span class='ocrx_word' id='word_1_89' title='bbox 297 1615 447 1694; x_wconf 78' lang='lat' dir='ltr'><strong>Deprensa</strong></span> <span class='ocrx_word' id='word_1_90' title='bbox 463 1613 549 1693; x_wconf 90' lang='lat' dir='ltr'><strong>cutpa</strong></span> <span class='ocrx_word' id='word_1_91' title='bbox 565 1621 619 1677; x_wconf 87' lang='lat' dir='ltr'><strong>est.</strong></span> <span class='ocrx_word' id='word_1_92' title='bbox 645 1619 742 1677; x_wconf 92' lang='lat' dir='ltr'><strong>anime</strong></span> <span class='ocrx_word' id='word_1_93' title='bbox 758 1616 829 1694; x_wconf 93' lang='lat' dir='ltr'><strong>quid</strong></span> <span class='ocrx_word' id='word_1_94' title='bbox 841 1617 938 1694; x_wconf 84' lang='lat' dir='ltr'><strong>segnis</strong></span> <span class='ocrx_word' id='word_1_95' title='bbox 950 1618 1068 1696; x_wconf 77' lang='lat' dir='ltr'><strong>stupes?</strong></span> 
     </span>
     <span class='ocr_line' id='line_1_16' title="bbox 164 1700 857 1778; baseline 0.004 -21"><span class='ocrx_word' id='word_1_96' title='bbox 164 1715 325 1774; x_wconf 81' lang='lat' dir='ltr'><strong>regeramus</strong></span> <span class='ocrx_word' id='word_1_97' title='bbox 340 1701 396 1777; x_wconf 90' lang='lat' dir='ltr'><strong>ipsi</strong></span> <span class='ocrx_word' id='word_1_98' title='bbox 411 1701 524 1760; x_wconf 84' lang='lat' dir='ltr'><strong>crimen</strong></span> <span class='ocrx_word' id='word_1_99' title='bbox 539 1709 629 1778; x_wconf 88' lang='lat' dir='ltr'><strong>atque</strong></span> <span class='ocrx_word' id='word_1_100' title='bbox 645 1700 723 1762; x_wconf 90' lang='lat' dir='ltr'><strong>uitro</strong></span> <span class='ocrx_word' id='word_1_101' title='bbox 739 1702 857 1778; x_wconf 90' lang='lat' dir='ltr'><strong>impiam</strong></span> 
     </span>
     <span class='ocr_line' id='line_1_17' title="bbox 165 1784 1040 1862; baseline 0.007 -20"><span class='ocrx_word' id='word_1_102' title='bbox 165 1801 291 1844; x_wconf 90' lang='lat' dir='ltr'><strong>uenerem</strong></span> <span class='ocrx_word' id='word_1_103' title='bbox 307 1802 475 1862; x_wconf 81' lang='lat' dir='ltr'><strong>arguamus.</strong></span> <span class='ocrx_word' id='word_1_104' title='bbox 505 1785 653 1846; x_wconf 89' lang='lat' dir='ltr'><strong>scelere</strong></span> <span class='ocrx_word' id='word_1_105' title='bbox 669 1785 827 1846; x_wconf 87' lang='lat' dir='ltr'><strong>uelandum</strong></span> <span class='ocrx_word' id='word_1_106' title='bbox 843 1794 888 1847; x_wconf 88' lang='lat' dir='ltr'><strong>est</strong></span> <span class='ocrx_word' id='word_1_107' title='bbox 904 1784 1040 1848; x_wconf 85' lang='lat' dir='ltr'><strong>scelus.</strong></span> 
     </span>
     <span class='ocr_line' id='line_1_18' title="bbox 165 1869 1132 1948; baseline 0.004 -22"><span class='ocrx_word' id='word_1_108' title='bbox 165 1869 331 1928; x_wconf 87' lang='lat' dir='ltr'><strong>tutissimum</strong></span> <span class='ocrx_word' id='word_1_109' title='bbox 349 1876 394 1929; x_wconf 89' lang='lat' dir='ltr'><strong>est</strong></span> <span class='ocrx_word' id='word_1_110' title='bbox 408 1869 520 1930; x_wconf 84' lang='lat' dir='ltr'><strong>interce</strong></span> <span class='ocrx_word' id='word_1_111' title='bbox 537 1888 604 1930; x_wconf 92' lang='lat' dir='ltr'><strong>cum</strong></span> <span class='ocrx_word' id='word_1_112' title='bbox 621 1872 726 1931; x_wconf 90' lang='lat' dir='ltr'><strong>timeas</strong></span> <span class='ocrx_word' id='word_1_113' title='bbox 741 1871 876 1948; x_wconf 86' lang='lat' dir='ltr'><strong>gradum.</strong></span> <span class='ocrx_word' id='word_1_114' title='bbox 1083 1883 1132 1932; x_wconf 81' lang='grc'><strong>730</strong></span> 
     </span>
     <span class='ocr_line' id='line_1_19' title="bbox 165 1954 750 2032; baseline 0.007 -22"><span class='ocrx_word' id='word_1_115' title='bbox 165 1969 243 2012; x_wconf 89' lang='lat' dir='ltr'><strong>ausae</strong></span> <span class='ocrx_word' id='word_1_116' title='bbox 257 1955 372 2031; x_wconf 81' lang='lat' dir='ltr'><strong>primes</strong></span> <span class='ocrx_word' id='word_1_117' title='bbox 387 1954 479 2014; x_wconf 91' lang='lat' dir='ltr'><strong>simus</strong></span> <span class='ocrx_word' id='word_1_118' title='bbox 494 1972 531 2016; x_wconf 92' lang='lat' dir='ltr'><strong>an</strong></span> <span class='ocrx_word' id='word_1_119' title='bbox 548 1971 651 2032; x_wconf 87' lang='lat' dir='ltr'><strong>passae</strong></span> <span class='ocrx_word' id='word_1_120' title='bbox 667 1955 750 2016; x_wconf 87' lang='lat' dir='ltr'><strong>netas</strong></span> 
     </span>
     <span class='ocr_line' id='line_1_20' title="bbox 165 2038 793 2117; baseline 0.006 -24"><span class='ocrx_word' id='word_1_121' title='bbox 165 2044 266 2097; x_wconf 89' lang='lat' dir='ltr'><strong>secreta</strong></span> <span class='ocrx_word' id='word_1_122' title='bbox 282 2056 349 2099; x_wconf 89' lang='lat' dir='ltr'><strong>cum</strong></span> <span class='ocrx_word' id='word_1_123' title='bbox 366 2040 403 2098; x_wconf 93' lang='lat' dir='ltr'><strong>sit</strong></span> <span class='ocrx_word' id='word_1_124' title='bbox 419 2038 506 2117; x_wconf 90' lang='lat' dir='ltr'><strong>cuipa</strong></span> <span class='ocrx_word' id='word_1_125' title='bbox 521 2041 588 2117; x_wconf 90' lang='lat' dir='ltr'><strong>quis</strong></span> <span class='ocrx_word' id='word_1_126' title='bbox 603 2040 685 2099; x_wconf 88' lang='lat' dir='ltr'><strong>testis</strong></span> <span class='ocrx_word' id='word_1_127' title='bbox 700 2040 793 2100; x_wconf 81' lang='lat' dir='ltr'><strong>sciet?</strong></span> 
     </span>
     <span class='ocr_line' id='line_1_21' title="bbox 136 2117 845 2190; baseline 0.008 -11"><span class='ocrx_word' id='word_1_128' title='bbox 136 2117 155 2190; x_wconf 79' lang='lat' dir='ltr'><strong>g&#39;</strong></span> <span class='ocrx_word' id='word_1_129' title='bbox 200 2121 301 2184; x_wconf 78' lang='lat' dir='ltr'><strong>Adeste</strong></span> <span class='ocrx_word' id='word_1_130' title='bbox 316 2122 448 2184; x_wconf 77' lang='lat' dir='ltr'><strong>Athenae</strong></span> <span class='ocrx_word' id='word_1_131' title='bbox 469 2124 531 2184; x_wconf 86' lang='lat' dir='ltr'><strong>fida</strong></span> <span class='ocrx_word' id='word_1_132' title='bbox 543 2121 723 2185; x_wconf 70' lang='lat' dir='ltr'><strong>ramulorum</strong></span> <span class='ocrx_word' id='word_1_133' title='bbox 740 2143 845 2187; x_wconf 87' lang='lat' dir='ltr'><strong>manus</strong></span> 
     </span>
     <span class='ocr_line' id='line_1_22' title="bbox 163 2205 875 2290; baseline 0.01 -27"><span class='ocrx_word' id='word_1_134' title='bbox 163 2205 203 2264; x_wconf 86' lang='lat' dir='ltr'><strong>ier</strong></span> <span class='ocrx_word' id='word_1_135' title='bbox 216 2226 311 2287; x_wconf 88' lang='lat' dir='ltr'><strong>opem,</strong></span> <span class='ocrx_word' id='word_1_136' title='bbox 336 2208 454 2268; x_wconf 84' lang='lat' dir='ltr'><strong>nefandi</strong></span> <span class='ocrx_word' id='word_1_137' title='bbox 470 2217 573 2288; x_wconf 89' lang='lat' dir='ltr'><strong>raptor</strong></span> <span class='ocrx_word' id='word_1_138' title='bbox 588 2208 764 2290; x_wconf 84' lang='lat' dir='ltr'><strong>Hippolytus</strong></span> <span class='ocrx_word' id='word_1_139' title='bbox 778 2212 875 2287; x_wconf 89' lang='lat' dir='ltr'><strong>stupri</strong></span> 
     </span>
     <span class='ocr_line' id='line_1_23' title="bbox 164 2290 802 2371; baseline 0.008 -21"><span class='ocrx_word' id='word_1_140' title='bbox 164 2290 240 2352; x_wconf 85' lang='lat' dir='ltr'><strong>instat</strong></span> <span class='ocrx_word' id='word_1_141' title='bbox 252 2294 418 2371; x_wconf 87' lang='lat' dir='ltr'><strong>premitque</strong></span> <span class='ocrx_word' id='word_1_142' title='bbox 433 2293 536 2353; x_wconf 89' lang='lat' dir='ltr'><strong>mortis</strong></span> <span class='ocrx_word' id='word_1_143' title='bbox 551 2295 675 2354; x_wconf 87' lang='lat' dir='ltr'><strong>intentat</strong></span> <span class='ocrx_word' id='word_1_144' title='bbox 692 2303 802 2355; x_wconf 88' lang='lat' dir='ltr'><strong>metum</strong></span> 
     </span>
     <span class='ocr_line' id='line_1_24' title="bbox 163 2374 804 2457; baseline 0.011 -25"><span class='ocrx_word' id='word_1_145' title='bbox 163 2374 232 2435; x_wconf 84' lang='lat' dir='ltr'><strong>terre</strong></span> <span class='ocrx_word' id='word_1_146' title='bbox 246 2377 382 2455; x_wconf 90' lang='lat' dir='ltr'><strong>pudicam</strong></span> <span class='ocrx_word' id='word_1_147' title='bbox 397 2385 501 2438; x_wconf 87' lang='lat' dir='ltr'><strong>terret.</strong></span> <span class='ocrx_word' id='word_1_148' title='bbox 531 2396 567 2438; x_wconf 90' lang='lat' dir='ltr'><strong>en</strong></span> <span class='ocrx_word' id='word_1_149' title='bbox 584 2396 728 2457; x_wconf 86' lang='lat' dir='ltr'><strong>praeceps</strong></span> <span class='ocrx_word' id='word_1_150' title='bbox 743 2378 804 2439; x_wconf 90' lang='lat' dir='ltr'><strong>abit</strong></span> 
     </span>
     <span class='ocr_line' id='line_1_25' title="bbox 165 2462 791 2542; baseline 0.008 -24"><span class='ocrx_word' id='word_1_151' title='bbox 165 2477 311 2539; x_wconf 87' lang='lat' dir='ltr'><strong>ensemque</strong></span> <span class='ocrx_word' id='word_1_152' title='bbox 327 2464 442 2540; x_wconf 89' lang='lat' dir='ltr'><strong>trepida</strong></span> <span class='ocrx_word' id='word_1_153' title='bbox 457 2462 542 2542; x_wconf 88' lang='lat' dir='ltr'><strong>iiquit</strong></span> <span class='ocrx_word' id='word_1_154' title='bbox 556 2465 698 2524; x_wconf 88' lang='lat' dir='ltr'><strong>attonitus</strong></span> <span class='ocrx_word' id='word_1_155' title='bbox 713 2464 791 2542; x_wconf 84' lang='lat' dir='ltr'><strong>iuga.</strong></span> 
     </span>
     <span class='ocr_line' id='line_1_26' title="bbox 164 2545 952 2626; baseline 0.011 -24"><span class='ocrx_word' id='word_1_156' title='bbox 164 2545 256 2621; x_wconf 84' lang='lat' dir='ltr'><strong>pignus</strong></span> <span class='ocrx_word' id='word_1_157' title='bbox 270 2554 407 2608; x_wconf 88' lang='lat' dir='ltr'><strong>tenemus</strong></span> <span class='ocrx_word' id='word_1_158' title='bbox 421 2546 587 2608; x_wconf 85' lang='lat' dir='ltr'><strong>sceleris.</strong></span> <span class='ocrx_word' id='word_1_159' title='bbox 619 2548 695 2608; x_wconf 87' lang='lat' dir='ltr'><strong>hanc</strong></span> <span class='ocrx_word' id='word_1_160' title='bbox 712 2556 853 2610; x_wconf 88' lang='lat' dir='ltr'><strong>maestam</strong></span> <span class='ocrx_word' id='word_1_161' title='bbox 870 2550 952 2626; x_wconf 91' lang='lat' dir='ltr'><strong>prius</strong></span> 
     </span>
     <span class='ocr_line' id='line_1_27' title="bbox 165 2640 291 2692; baseline 0.056 -7"><span class='ocrx_word' id='word_1_162' title='bbox 165 2640 291 2692; x_wconf 89' lang='lat' dir='ltr'><strong>recreate.</strong></span> 
     </span>
     <span class='ocr_line' id='line_1_28' title="bbox 136 2708 870 2779; baseline 0.004 -4"><span class='ocrx_word' id='word_1_163' title='bbox 136 2708 155 2762; x_wconf 82' lang='lat' dir='ltr'><strong>h‘</strong></span> <span class='ocrx_word' id='word_1_164' title='bbox 353 2716 450 2777; x_wconf 84' lang='lat' dir='ltr'><strong>Crinis</strong></span> <span class='ocrx_word' id='word_1_165' title='bbox 466 2725 576 2777; x_wconf 87' lang='lat' dir='ltr'><strong>tractus</strong></span> <span class='ocrx_word' id='word_1_166' title='bbox 592 2726 620 2778; x_wconf 92' lang='lat' dir='ltr'><strong>et</strong></span> <span class='ocrx_word' id='word_1_167' title='bbox 635 2716 751 2779; x_wconf 84' lang='lat' dir='ltr'><strong>lacerae</strong></span> <span class='ocrx_word' id='word_1_168' title='bbox 769 2736 870 2778; x_wconf 86' lang='lat' dir='ltr'><strong>cumae</strong></span> 
     </span>
     <span class='ocr_line' id='line_1_29' title="bbox 166 2803 1132 2864; baseline 0.003 -8"><span class='ocrx_word' id='word_1_169' title='bbox 166 2804 192 2856; x_wconf 88' lang='lat' dir='ltr'><strong>ut</strong></span> <span class='ocrx_word' id='word_1_170' title='bbox 203 2808 266 2860; x_wconf 89' lang='lat' dir='ltr'><strong>suut</strong></span> <span class='ocrx_word' id='word_1_171' title='bbox 280 2809 455 2863; x_wconf 89' lang='lat' dir='ltr'><strong>remaneant</strong></span> <span class='ocrx_word' id='word_1_172' title='bbox 470 2803 610 2862; x_wconf 78' lang='lat' dir='ltr'><strong>facinoris</strong></span> <span class='ocrx_word' id='word_1_173' title='bbox 625 2804 699 2861; x_wconf 90' lang='lat' dir='ltr'><strong>tanti</strong></span> <span class='ocrx_word' id='word_1_174' title='bbox 715 2810 813 2864; x_wconf 89' lang='lat' dir='ltr'><strong>notae.</strong></span> <span class='ocrx_word' id='word_1_175' title='bbox 1083 2812 1132 2859; x_wconf 79' lang='lat' dir='ltr'><strong>rte</strong></span> 
     </span>
     <span class='ocr_line' id='line_1_30' title="bbox 166 2884 924 2965; baseline 0.005 -23"><span class='ocrx_word' id='word_1_176' title='bbox 166 2884 279 2958; x_wconf 79' lang='lat' dir='ltr'><strong>perferte</strong></span> <span class='ocrx_word' id='word_1_177' title='bbox 295 2887 325 2946; x_wconf 92' lang='lat' dir='ltr'><strong>iu</strong></span> <span class='ocrx_word' id='word_1_178' title='bbox 341 2885 458 2947; x_wconf 88' lang='lat' dir='ltr'><strong>urbem.</strong></span> <span class='ocrx_word' id='word_1_179' title='bbox 478 2922 513 2930; x_wconf 98' lang='lat'><em>-</em></span> <span class='ocrx_word' id='word_1_180' title='bbox 531 2889 633 2965; x_wconf 88' lang='lat' dir='ltr'><strong>recipe</strong></span> <span class='ocrx_word' id='word_1_181' title='bbox 648 2888 707 2947; x_wconf 92' lang='lat' dir='ltr'><strong>iam</strong></span> <span class='ocrx_word' id='word_1_182' title='bbox 723 2904 828 2947; x_wconf 90' lang='lat' dir='ltr'><strong>sensus</strong></span> <span class='ocrx_word' id='word_1_183' title='bbox 843 2886 924 2947; x_wconf 87' lang='lat' dir='ltr'><strong>hera.</strong></span> 
     </span>
     <span class='ocr_line' id='line_1_31' title="bbox 167 2969 941 3049; baseline 0.006 -25"><span class='ocrx_word' id='word_1_184' title='bbox 167 2969 222 3043; x_wconf 90' lang='lat' dir='ltr'><strong>quid</strong></span> <span class='ocrx_word' id='word_1_185' title='bbox 237 2977 263 3030; x_wconf 90' lang='lat' dir='ltr'><strong>te</strong></span> <span class='ocrx_word' id='word_1_186' title='bbox 279 2972 342 3049; x_wconf 83' lang='lat' dir='ltr'><strong>ipsa</strong></span> <span class='ocrx_word' id='word_1_187' title='bbox 357 2970 493 3031; x_wconf 88' lang='lat' dir='ltr'><strong>lacerans</strong></span> <span class='ocrx_word' id='word_1_188' title='bbox 507 2973 640 3032; x_wconf 85' lang='lat' dir='ltr'><strong>omnium</strong></span> <span class='ocrx_word' id='word_1_189' title='bbox 657 2971 814 3049; x_wconf 86' lang='lat' dir='ltr'><strong>adspectus</strong></span> <span class='ocrx_word' id='word_1_190' title='bbox 829 2970 941 3048; x_wconf 11' lang='lat' dir='ltr'><strong>fugisti</strong></span> 
     </span>
     <span class='ocr_line' id='line_1_32' title="bbox 167 3054 855 3133; baseline 0.009 -25"><span class='ocrx_word' id='word_1_191' title='bbox 167 3066 236 3111; x_wconf 87' lang='lat' dir='ltr'><strong>mens</strong></span> <span class='ocrx_word' id='word_1_192' title='bbox 250 3054 463 3133; x_wconf 88' lang='lat' dir='ltr'><strong>inpudicam</strong></span> <span class='ocrx_word' id='word_1_193' title='bbox 481 3056 579 3116; x_wconf 84' lang='lat' dir='ltr'><strong>iacere</strong></span> <span class='ocrx_word' id='word_1_194' title='bbox 595 3074 655 3115; x_wconf 90' lang='lat' dir='ltr'><strong>non</strong></span> <span class='ocrx_word' id='word_1_195' title='bbox 670 3066 758 3116; x_wconf 85' lang='lat' dir='ltr'><strong>casus¹</strong></span> <span class='ocrx_word' id='word_1_196' title='bbox 772 3054 855 3115; x_wconf 89' lang='lat' dir='ltr'><strong>solet.</strong></span> 
     </span>
    </p>
   </div>
   <div class='ocr_carea' id='block_1_3' title="bbox 168 3288 1066 3495">
    <p class='ocr_par' dir='ltr' id='par_1_3' title="bbox 168 3288 1066 3495">
     <span class='ocr_line' id='line_1_33' title="bbox 222 3288 1065 3359; baseline 0.005 -21"><span class='ocrx_word' id='word_1_197' title='bbox 222 3291 267 3341; x_wconf 81' lang='grc'><strong>715</strong></span> <span class='ocrx_word' id='word_1_198' title='bbox 284 3295 312 3340; x_wconf 83' lang='lat' dir='ltr'><strong>et</strong></span> <span class='ocrx_word' id='word_1_199' title='bbox 329 3292 355 3340; x_wconf 92' lang='grc' dir='ltr'><em>Ε</em></span> <span class='ocrx_word' id='word_1_200' title='bbox 374 3307 409 3340; x_wconf 91' lang='lat' dir='ltr'><strong>en</strong></span> <span class='ocrx_word' id='word_1_201' title='bbox 428 3293 452 3341; x_wconf 89' lang='grc' dir='ltr'><em>Α</em></span> <span class='ocrx_word' id='word_1_202' title='bbox 469 3288 481 3358; x_wconf 85' lang='grc' dir='ltr'><strong>ΙΙ</strong></span> <span class='ocrx_word' id='word_1_203' title='bbox 498 3295 548 3343; x_wconf 84' lang='grc'><strong>718</strong></span> <span class='ocrx_word' id='word_1_204' title='bbox 565 3293 656 3347; x_wconf 83' lang='lat' dir='ltr'><strong>facies</strong></span> <span class='ocrx_word' id='word_1_205' title='bbox 674 3292 700 3341; x_wconf 82' lang='lat' dir='ltr'><em>E</em></span> <span class='ocrx_word' id='word_1_206' title='bbox 715 3288 726 3357; x_wconf 81' lang='grc' dir='ltr'><strong>ΙΙ</strong></span> <span class='ocrx_word' id='word_1_207' title='bbox 744 3294 794 3343; x_wconf 90' lang='grc'><strong>720</strong></span> <span class='ocrx_word' id='word_1_208' title='bbox 811 3291 921 3343; x_wconf 86' lang='lat' dir='ltr'><strong>soluout</strong></span> <span class='ocrx_word' id='word_1_209' title='bbox 938 3292 964 3342; x_wconf 88' lang='lat' dir='ltr'><em>E</em></span> <span class='ocrx_word' id='word_1_210' title='bbox 983 3288 996 3359; x_wconf 77' lang='grc' dir='ltr'><strong>ΙΙ</strong></span> <span class='ocrx_word' id='word_1_211' title='bbox 1016 3293 1065 3342; x_wconf 88' lang='grc'><strong>726</strong></span> 
     </span>
     <span class='ocr_line' id='line_1_34' title="bbox 168 3354 1066 3426; baseline 0.011 -27"><span class='ocrx_word' id='word_1_212' title='bbox 168 3354 256 3406; x_wconf 82' lang='lat' dir='ltr'><strong>ardua</strong></span> <span class='ocrx_word' id='word_1_213' title='bbox 273 3375 305 3408; x_wconf 86' lang='lat' dir='ltr'><strong>eo</strong></span> <span class='ocrx_word' id='word_1_214' title='bbox 322 3360 402 3409; x_wconf 80' lang='lat' dir='ltr'><strong>ferae</strong></span> <span class='ocrx_word' id='word_1_215' title='bbox 420 3360 446 3409; x_wconf 93' lang='grc' dir='ltr'><em>Ε</em></span> <span class='ocrx_word' id='word_1_216' title='bbox 457 3357 469 3426; x_wconf 83' lang='grc' dir='ltr'><strong>ΙΙ</strong></span> <span class='ocrx_word' id='word_1_217' title='bbox 485 3362 534 3411; x_wconf 92' lang='grc'><strong>728</strong></span> <span class='ocrx_word' id='word_1_218' title='bbox 552 3362 631 3425; x_wconf 84' lang='lat' dir='ltr'><strong>ipsae</strong></span> <span class='ocrx_word' id='word_1_219' title='bbox 650 3361 674 3409; x_wconf 91' lang='grc' dir='ltr'><em>Α</em></span> <span class='ocrx_word' id='word_1_220' title='bbox 693 3360 747 3423; x_wconf 85' lang='lat' dir='ltr'><strong>ipsi</strong></span> <span class='ocrx_word' id='word_1_221' title='bbox 765 3367 804 3424; x_wconf 78' lang='grc' dir='ltr'><strong>ψε</strong></span> <span class='ocrx_word' id='word_1_222' title='bbox 820 3356 833 3426; x_wconf 89' lang='grc' dir='ltr'><strong>ΙΙ</strong></span> <span class='ocrx_word' id='word_1_223' title='bbox 849 3362 899 3411; x_wconf 83' lang='grc'><strong>728</strong></span> <span class='ocrx_word' id='word_1_224' title='bbox 917 3360 1066 3415; x_wconf 86' lang='lat' dir='ltr'><strong>celandum</strong></span> 
     </span>
     <span class='ocr_line' id='line_1_35' title="bbox 169 3421 1064 3495; baseline 0.006 -23"><span class='ocrx_word' id='word_1_225' title='bbox 169 3421 193 3469; x_wconf 76' lang='grc' dir='ltr'><strong>α’.</strong></span> <span class='ocrx_word' id='word_1_226' title='bbox 207 3423 268 3475; x_wconf 86' lang='lat' dir='ltr'><em>R.P.·</em></span> <span class='ocrx_word' id='word_1_227' title='bbox 281 3423 292 3492; x_wconf 69' lang='grc' dir='ltr'><strong>ΙΙ</strong></span> <span class='ocrx_word' id='word_1_228' title='bbox 315 3428 365 3478; x_wconf 81' lang='lat'><strong>735</strong></span> <span class='ocrx_word' id='word_1_229' title='bbox 383 3428 536 3477; x_wconf 87' lang='lat' dir='ltr'><strong>intentans</strong></span> <span class='ocrx_word' id='word_1_230' title='bbox 555 3431 586 3478; x_wconf 81' lang='lat' dir='ltr'><strong>ei.</strong></span> <span class='ocrx_word' id='word_1_231' title='bbox 606 3430 655 3477; x_wconf 85' lang='lat' dir='ltr'><strong>Dn.</strong></span> <span class='ocrx_word' id='word_1_232' title='bbox 668 3429 725 3479; x_wconf 75' lang='grc' dir='ltr'><strong>-Ηε,</strong></span> <span class='ocrx_word' id='word_1_233' title='bbox 748 3423 760 3495; x_wconf 83' lang='grc' dir='ltr'><strong>ΙΙ</strong></span> <span class='ocrx_word' id='word_1_234' title='bbox 784 3429 833 3478; x_wconf 86' lang='grc'><strong>737</strong></span> <span class='ocrx_word' id='word_1_235' title='bbox 851 3428 988 3494; x_wconf 85' lang='lat' dir='ltr'><strong>trepidam</strong></span> <span class='ocrx_word' id='word_1_236' title='bbox 1006 3428 1031 3477; x_wconf 95' lang='grc' dir='ltr'><em>Ε</em></span> <span class='ocrx_word' id='word_1_237' title='bbox 1051 3424 1064 3490; x_wconf 88' lang='grc' dir='ltr'><strong>ΙΙ</strong></span> 
     </span>
    </p>
   </div>
   <div class='ocr_carea' id='block_1_4' title="bbox 169 3503 1065 3732">
    <p class='ocr_par' dir='ltr' id='par_1_4' title="bbox 169 3503 1065 3732">
     <span class='ocr_line' id='line_1_36' title="bbox 169 3503 1065 3596; baseline 0.006 -22"><span class='ocrx_word' id='word_1_238' title='bbox 169 3519 296 3577; x_wconf 71' lang='lat' dir='ltr'><strong>idonens</strong></span> <span class='ocrx_word' id='word_1_239' title='bbox 312 3530 337 3578; x_wconf 87' lang='grc' dir='ltr'><em>Α</em></span> <span class='ocrx_word' id='word_1_240' title='bbox 361 3530 470 3591; x_wconf 71' lang='lat' dir='ltr'><strong>nutele*</strong></span> <span class='ocrx_word' id='word_1_241' title='bbox 493 3526 505 3596; x_wconf 88' lang='grc' dir='ltr'><strong>ΙΙ</strong></span> <span class='ocrx_word' id='word_1_242' title='bbox 533 3533 580 3581; x_wconf 80' lang='grc'><strong>741</strong></span> <span class='ocrx_word' id='word_1_243' title='bbox 595 3530 699 3580; x_wconf 86' lang='lat' dir='ltr'><strong>referte</strong></span> <span class='ocrx_word' id='word_1_244' title='bbox 717 3530 743 3579; x_wconf 83' lang='lat' dir='ltr'><em>A</em></span> <span class='ocrx_word' id='word_1_245' title='bbox 765 3530 889 3594; x_wconf 84' lang='lat' dir='ltr'><strong>perferte</strong></span> <span class='ocrx_word' id='word_1_246' title='bbox 908 3529 933 3578; x_wconf 95' lang='grc' dir='ltr'><em>Ε</em></span> <span class='ocrx_word' id='word_1_247' title='bbox 958 3526 970 3596; x_wconf 76' lang='grc' dir='ltr'>Η</span> <span class='ocrx_word' id='word_1_248' title='bbox 998 3503 1065 3579; x_wconf 61' lang='lat' dir='ltr'><strong>heri</strong></span> 
     </span>
     <span class='ocr_line' id='line_1_37' title="bbox 170 3585 1063 3663; baseline -0.001 -16"><span class='ocrx_word' id='word_1_249' title='bbox 170 3585 191 3646; x_wconf 76' lang='lat' dir='ltr'><strong>(a</strong></span> <span class='ocrx_word' id='word_1_250' title='bbox 204 3606 249 3646; x_wconf 78' lang='lat' dir='ltr'><strong>aar.</strong></span> <span class='ocrx_word' id='word_1_251' title='bbox 267 3598 282 3644; x_wconf 81' lang='lat'><strong><em>2</em></strong></span> <span class='ocrx_word' id='word_1_252' title='bbox 299 3596 341 3663; x_wconf 85' lang='lat' dir='ltr'><strong>m.)</strong></span> <span class='ocrx_word' id='word_1_253' title='bbox 360 3597 386 3645; x_wconf 88' lang='lat' dir='ltr'><em>E</em></span> <span class='ocrx_word' id='word_1_254' title='bbox 398 3594 410 3662; x_wconf 76' lang='grc' dir='ltr'><strong>Η</strong></span> <span class='ocrx_word' id='word_1_255' title='bbox 422 3600 471 3649; x_wconf 89' lang='grc'><strong>742</strong></span> <span class='ocrx_word' id='word_1_256' title='bbox 489 3599 600 3649; x_wconf 86' lang='lat' dir='ltr'><strong>laceras</strong></span> <span class='ocrx_word' id='word_1_257' title='bbox 618 3598 645 3647; x_wconf 92' lang='grc' dir='ltr'><em>Ε</em></span> <span class='ocrx_word' id='word_1_258' title='bbox 663 3598 792 3648; x_wconf 86' lang='lat' dir='ltr'><strong>lacerans</strong></span> <span class='ocrx_word' id='word_1_259' title='bbox 811 3594 860 3663; x_wconf 78' lang='grc' dir='ltr'><strong>ΑΗ</strong></span> <span class='ocrx_word' id='word_1_260' title='bbox 877 3602 1021 3661; x_wconf 87' lang='lat' dir='ltr'><strong>aspectum</strong></span> <span class='ocrx_word' id='word_1_261' title='bbox 1039 3598 1063 3646; x_wconf 82' lang='lat' dir='ltr'><em>A</em></span> 
     </span>
     <span class='ocr_line' id='line_1_38' title="bbox 170 3654 378 3732; baseline 0.063 -31"><span class='ocrx_word' id='word_1_262' title='bbox 170 3654 296 3722; x_wconf 85' lang='lat' dir='ltr'><strong>adspectus</strong></span> <span class='ocrx_word' id='word_1_263' title='bbox 313 3664 338 3713; x_wconf 92' lang='grc' dir='ltr'><em>Ε</em></span> <span class='ocrx_word' id='word_1_264' title='bbox 366 3661 378 3732; x_wconf 73' lang='grc' dir='ltr'><strong>ΙΙ</strong></span> 
     </span>
    </p>
   </div>
   <div class='ocr_carea' id='block_1_5' title="bbox 0 0 1380 4250">
    <p class='ocr_par' dir='ltr' id='par_1_5' title="bbox 0 0 1380 4250">
     <span class='ocr_line' id='line_1_39' title="bbox 0 0 1380 4250; baseline 0 0"><span class='ocrx_word' id='word_1_265' title='bbox 0 0 1380 4250; x_wconf 95' lang='lat' dir='ltr'><strong> </strong></span> 
     </span>
    </p>
   </div>
  </div>
 </body>
</html>
