2750 4250
297 305 340 368 00
578 318 934 370 n.aunsn1snunonn

297 472 377 519 nnn.
405 457 511 521 sceleri
527 460 636 522 modus
651 459 788 529 debetur,
811 468 845 522 ut
859 461 950 522 iacias
965 459 1070 531 scelus,

298 562 358 606 non
375 543 427 606 ubi
441 562 581 626 reponas.
608 545 666 606 hoc
682 563 801 626 quoque
817 546 956 626 exiguum
972 554 1017 607 est
1031 545 1109 608 mihi.

262 740 279 776 o
339 714 383 775 En
399 713 524 776 uulnere
538 717 606 794 ipso
620 716 795 795 sanguinem
811 713 938 778 calidum
953 718 983 778 in
999 723 1048 778 tua
1268 705 1271 850 q

296 798 460 861 defundere
475 818 528 860 ora
543 799 649 861 debui:
665 808 698 861 ut
713 801 880 863 uiuentium
1270 865 1271 876 ,

294 882 416 946 biberes
432 902 580 947 cruorem.
607 884 701 947 uerba
717 883 787 948 sunt
801 887 863 948 irae
879 885 945 947 data
1036 949 1041 958 ,
1209 901 1260 952 toto

296 969 365 1030 dum
382 987 527 1048 propero:
543 971 624 1031 ferro
640 969 764 1032 uulnera
781 972 918 1051 inpresso
934 969 1012 1042 dedi,

297 1054 391 1115 cecidi
406 1054 442 1114 ad
458 1072 534 1125 aras,
550 1055 641 1117 caede
656 1055 757 1118 uotiua
773 1055 856 1117 iocos
943 1092 951 1112 .

296 1138 411 1217 placaui
426 1146 456 1200 et
470 1147 553 1202 artus
568 1158 697 1219 corpore
713 1143 851 1203 exanimo
866 1147 1023 1218 amputans

293 1226 323 1284 in
340 1242 435 1304 parua
450 1227 549 1305 carpsi
564 1224 657 1288 frusto
673 1234 703 1288 et
717 1226 792 1287 haec
807 1225 993 1288 icruentibus

295 1309 423 1371 demersi
439 1311 530 1372 aenis.

253 1398 281 1457 o'
565 1393 618 1456 llla
632 1394 722 1456 lentis
735 1395 854 1474 ignibus

292 1477 405 1540 stillare
421 1479 506 1550 iussi,
521 1479 657 1542 membra
671 1499 842 1562 neruosque
857 1481 969 1544 abscidi

291 1563 463 1626 uiuentibus
478 1564 641 1646 gracilique
656 1568 794 1629 traiectas
810 1584 884 1627 ueru

291 1651 408 1729 mugire
422 1648 514 1712 fibras
528 1651 590 1712 nidi
606 1659 635 1714 et
650 1653 766 1730 aggessi
781 1668 871 1713 manu

290 1752 357 1796 meo
373 1736 437 1814 ipse
451 1734 595 1798 flammas.
622 1738 721 1798 omnia
736 1735 811 1798 haec
826 1734 930 1800 melius
946 1742 1031 1817 pater

291 1819 396 1880 iecisse
411 1820 521 1898 potuit,
537 1820 645 1882 cecidit
657 1822 689 1882 in
705 1837 821 1883 cassum
835 1819 936 1884 dolor:

291 1904 379 1964 scidit
394 1920 446 1965 ore
462 1912 546 1966 natos
561 1907 660 1985 inpio,
676 1905 730 1967 scd
746 1907 889 1978 nesciens,

292 1987 342 2048 sed
359 1990 537 2052 nescientes.

255 2102 275 2153 g
335 2085 416 2137 nnn.
621 2073 727 2138 Clausa
742 2074 877 2139 litoribus
892 2079 976 2159 uagis

263 2232 270 2244 Ι
292 2159 391 2220 audite
406 2161 510 2221 maria.
538 2178 593 2223 uos
608 2179 726 2240 quoque
742 2160 840 2224 audite
856 2163 914 2226 hoc
929 2160 1026 2233 scelus

290 2261 478 2324 quocumque
494 2243 524 2306 di
538 2246 660 2324 fugistis.
683 2247 782 2308 audite
796 2247 901 2326 inseri]

288 2328 387 2390 audite
403 2336 502 2391 terrae
517 2348 635 2409 nonque
650 2338 779 2393 tartarea
796 2334 894 2412 grauis

288 2424 317 2476 et
333 2422 398 2476 atra
413 2413 493 2477 nube
508 2415 633 2477 uocibus
648 2418 758 2478 uostris
775 2436 857 2479 uaoa.

287 2502 339 2562 tibi
355 2518 421 2562 sum
437 2499 572 2571 relictus,
589 2499 652 2563 sola
667 2508 699 2562 tu
714 2502 857 2565 miserum
871 2504 965 2574 uides,

286 2594 318 2647 tu
334 2603 453 2665 quoque
468 2588 531 2646 sine
547 2586 643 2646 astris.
672 2594 741 2647 uota
756 2606 815 2648 non
832 2587 939 2650 faciam
954 2588 1094 2668 inproba:

285 2688 341 2751 pro
357 2690 405 2732 me
421 2669 494 2732 nihil
509 2670 671 2749 precabor:
689 2673 793 2751 ecquid
809 2674 867 2734 iam
883 2683 983 2753 potest

286 2774 342 2834 pro
356 2775 404 2818 me
419 2757 503 2819 esse?
525 2755 612 2818 uobis
626 2766 695 2817 uota
711 2758 894 2837 prospicient
909 2777 983 2822 mea.

244 2848 270 2924 g'
328 2841 372 2903 Tu
388 2860 504 2904 summe
519 2841 593 2903 caeli
607 2847 709 2902 rector
724 2843 874 2905 aetheriae
892 2852 998 2925 potens

285 2925 452 2989 dominator
467 2926 551 2990 aulae
566 2926 697 2989 nubibus
712 2934 806 2990 totum
821 2928 951 2990 horridis

284 3011 429 3073 conuolue
445 3013 605 3083 mundum,
622 3010 701 3073 bella
716 3020 874 3075 uentorum
890 3015 1021 3093 undique

283 3098 423 3158 conmitte
439 3104 468 3158 et
483 3100 564 3159 omni
578 3104 663 3176 parte
679 3097 843 3160 uiolenturn
858 3100 959 3160 intona

282 3198 432 3259 manuque
447 3200 508 3242 non
525 3200 582 3261 qua
597 3190 676 3244 teoto
693 3189 722 3244 et
736 3184 887 3245 inmeritas
902 3183 1007 3245 domos

350 3336 417 3387 1006
434 3335 484 3385 ubi
496 3353 518 3386 ω
535 3340 571 3386 ut
588 3338 621 3386 oi.
637 3337 666 3387 L.
673 3335 792 3387 Mueller.
812 3336 861 3387 ubi
873 3340 969 3388 taxes
982 3338 1013 3387 ci.
1028 3336 1097 3388 B.P.
1111 3334 1201 3407 111057

279 3409 395 3455 lacunam
406 3406 480 3454 unios
491 3421 516 3454 u.
530 3406 609 3454 odoini
618 3400 630 3470 ΙΙ
644 3405 709 3456 1059
722 3403 876 3455 diffundere
889 3406 914 3455 A
935 3404 990 3455 def.
1005 3401 1052 3473 ΕΗ
1065 3408 1132 3459 1067
1146 3413 1202 3460 tre·

278 3473 353 3524 iecto
366 3473 391 3523 Α
404 3474 540 3523 traiectos
558 3468 673 3538 ε111072
690 3480 751 3536 post
769 3473 867 3524 clausa
885 3490 936 3524 una
955 3474 1031 3524 litera
1049 3472 1104 3539 (c?)
1124 3492 1201 3527 eraso

278 3541 305 3591 Ε
309 3538 339 3661 dn
363 3543 428 3595 1073
446 3556 551 3607 uosque
565 3538 603 3605 dij
616 3540 641 3589 A
659 3554 710 3590 nos
723 3554 830 3607 qnoque
843 3542 869 3591 E
891 3538 904 3610 Η
927 3544 993 3594 1074
1005 3542 1150 3609 difngistis
1163 3546 1202 3594 oet

279 3610 308 3660 di
331 3610 429 3677 ugistis
442 3611 490 3662 Αε
508 3610 548 3660 dii
566 3608 623 3675 fug.
638 3607 716 3657 Gron.
738 3604 751 3674 ΙΙ
775 3611 841 3661 1079
860 3611 968 3677 etquid
985 3627 1007 3662 oo
1025 3612 1124 3678 ecquid
1144 3630 1164 3664 α
1180 3612 1192 3679 ΙΙ
