2750 4250
530 365 729 414 PRAEFATIO
1015 371 1103 421 XXXI

160 540 226 580 mum
254 539 323 580 uero
349 526 536 598 quaternionis
563 525 660 583 lolium
682 543 744 583 cum
766 527 892 586 uersibus
920 529 1098 591 cet-736

160 608 186 681 (t.
200 623 221 664 e.
235 607 278 666 40
293 607 387 682 lineis)
409 619 575 684 occupetur.
598 609 685 668 lineae
705 619 813 669 restant
833 611 909 677 280,
931 615 1003 672 unde
1022 624 1099 690 patet

161 694 176 750 i
195 708 290 750 uersus
312 693 427 768 ultimos
450 696 539 769 primo
565 696 631 753 iolio
652 699 769 771 proximi
789 697 913 756 fasciculi
938 699 1098 758 tribuendos

159 795 218 835 esse
254 776 331 845 Quae
354 779 472 837 sirecte
495 788 559 838 sunt
580 789 741 856 conputata.
765 781 832 840 bled.
850 783 1018 844 87-1028
1041 794 1097 842 tres

157 863 315 937 conplebant
337 866 544 938 quaterniones,
566 883 665 924 uersus
689 868 806 927 1-86
827 876 854 924 et
877 868 957 927 1029
970 870 1096 928 —1035

157 956 226 1004 erant
246 948 274 1004 in
295 951 338 1006 eis
355 951 402 1024 qui
418 953 541 1025 proxime
561 951 758 1010 antecedebant
776 961 803 1010 et
818 953 1005 1027 sequebantur
1019 953 1099 1010 lasci·

157 1033 226 1090 culis.

211 1152 306 1226 Oedipi
321 1153 466 1229 relliquias
480 1172 549 1230 quae
565 1155 790 1230 conplectebatur
806 1158 951 1232 quaternio
969 1159 1037 1216 banc
1050 1159 1083 1215 lra

155 1235 207 1293 buit
221 1236 358 1312 effigiem:
874 1253 878 1263 ·

378 1341 437 1400 rot.
526 1343 553 1398 1.
573 1341 741 1401 321-358

507 1419 551 1496 s2.
572 1426 740 1486 359-398

523 1511 550 1570 3.
570 1510 688 1569 399-
699 1511 772 1570 438

520 1596 738 1746 {icas-519

521 1767 549 1825 6.
570 1765 771 1826 520-557

522 1852 549 1909 7.
569 1851 737 1910 558-597

522 1937 551 1994 8.
570 1935 737 1995 598-637

209 2053 274 2110 Tota
295 2064 390 2112 autem
408 2056 548 2131 tragoedia
563 2056 712 2114 secundum
729 2055 845 2113 similem
864 2073 917 2132 qua
932 2056 1013 2115 modo
1034 2065 1098 2121 utc-

154 2135 238 2195 bamur
262 2142 435 2216 conputandi
461 2143 593 2199 rationem
615 2143 696 2199 hasce
724 2142 827 2199 codicis
855 2151 947 2217 partes
974 2145 1095 2201 tenuisse

153 2222 262 2281 uidetur:

292 2311 442 2385 inscriptio
472 2319 498 2368 et
525 2328 552 2367 u.
578 2312 670 2367 1-2
688 2314 715 2367 in
731 2311 784 2368 bne
800 2312 921 2370 fasciculi

509 2414 534 2453 u.
546 2395 673 2455 3-943
690 2406 748 2453 tres
765 2397 889 2455 lascicnli

480 2479 668 2540 344-1081
688 2483 739 2538 tria
751 2482 817 2539 folia
830 2482 920 2557 quarti
931 2482 1054 2540 fasciculi
1066 2492 1095 2541 et

684 2565 810 2623 nonnulli
818 2584 918 2624 uersus
926 2567 1092 2642 quartiiolii.

206 2664 333 2725 Videmus
360 2668 448 2742 igitur
472 2676 596 2724 neutram
621 2668 718 2724 harum
748 2670 950 2743 tragoediarum
977 2688 991 2726 a
1013 2669 1094 2743 plena

155 2755 322 2820 quaternione
342 2752 478 2826 incipere,
500 2762 626 2809 neutram
648 2753 675 2809 in
691 2753 772 2827 plena
788 2753 859 2810 finiri
876 2769 965 2828 neque
986 2755 1025 2809 ita
1046 2770 1092 2810 eas

155 2844 301 2909 conparatas
317 2845 351 2893 ut
366 2837 452 2894 altera
468 2837 580 2895 alteram
597 2840 737 2913 excepisse
748 2841 841 2913 putari
854 2838 950 2912 possit.
981 2838 1020 2892 Ex
1035 2855 1090 2911 quo

155 2919 173 2972 si
185 2920 246 2976 nihil
262 2922 338 2993 aliud
353 2924 379 2979 id
395 2932 470 2979 certe
487 2923 611 2981 elleoisse
626 2923 706 2980 nobis
727 2924 869 2985 uidemur,
893 2921 1015 2995 plures
1036 2921 1091 2978 his

155 3001 271 3063 duabus
293 3007 434 3065 fabulas
455 3008 577 3066 codicem
600 3009 676 3065 illum
700 3008 877 3065 continuisse.

205 3090 228 3147 ls
242 3091 312 3149 liber
329 3110 494 3169 quamquam
515 3094 598 3150 alium
617 3092 819 3168 tragoediarum
836 3090 960 3148 ordinem
981 3091 1091 3149 uidetur

155 3182 249 3233 secutus
263 3172 298 3251 ²¹²)
327 3196 390 3237 esse
414 3197 495 3254 quarn
517 3179 623 3237 codices
646 3179 791 3252 uolgares,
819 3185 909 3234 tamen
937 3179 1091 3252 scripturae

155 3321 342 3337 Ἢ-

156 3406 174 3455 is
188 3414 300 3463 numeris
316 3414 420 3463 uostris
440 3415 471 3463 15
484 3413 570 3463 addat
582 3416 700 3477 oporiet.
729 3411 772 3462 Ad
785 3412 813 3461 id
826 3411 897 3477 quod
908 3413 1004 3461 nostre
1023 3426 1087 3461 con·

159 3480 285 3535 putatione
300 3482 495 3545 consequimur
508 3496 541 3531 ee
553 3480 713 3531 differentia
725 3480 829 3530 nullius
842 3485 885 3532 esi
897 3480 1037 3529 momenti.

212 3543 234 3610 *l
255 3549 352 3614 Neque
370 3548 515 3615 uolgarem
537 3564 626 3613 neque
644 3549 820 3599 florentinum
838 3547 994 3598 fabularum
1015 3546 1087 3596 ordi·

158 3623 208 3661 nem
221 3618 321 3681 tenuit,
340 3617 371 3667 id
388 3617 461 3681 quod
472 3632 528 3667 non
546 3616 660 3668 difficile
679 3621 755 3667 esset
771 3614 947 3683 conputando
960 3613 1088 3680 probare.

158 3675 200 3730 tat
214 3686 321 3736 tertium
338 3686 477 3753 quendam
496 3686 620 3752 estquod
638 3686 810 3751 suspicemur
826 3682 1000 3735 incoluisse
1014 3680 1085 3731 ordi-
