<?xml version="1.0" encoding="UTF-8"?>
<!DOCTYPE html PUBLIC "-//W3C//DTD XHTML 1.0 Transitional//EN"
    "http://www.w3.org/TR/xhtml1/DTD/xhtml1-transitional.dtd">
<html xmlns="http://www.w3.org/1999/xhtml" xml:lang="en" lang="en">
 <head>
  <title>
</title>
<meta http-equiv="Content-Type" content="text/html;charset=utf-8" />
  <meta name='ocr-system' content='tesseract 3.04.00' />
  <meta name='ocr-capabilities' content='ocr_page ocr_carea ocr_par ocr_line ocrx_word'/>
</head>
<body>
  <div class='ocr_page' id='page_1' title='image "./tragoediaeacced00richgoog_0120.png"; bbox 0 0 2750 4250; ppageno 0'>
   <div class='ocr_carea' id='block_1_1' title="bbox 503 346 683 396">
    <p class='ocr_par' dir='ltr' id='par_1_1' title="bbox 503 346 683 396">
     <span class='ocr_line' id='line_1_1' title="bbox 503 346 683 396; baseline 0 -2"><span class='ocrx_word' id='word_1_1' title='bbox 503 346 683 396; x_wconf 65' lang='lat' dir='ltr'>Tanusius</span> 
     </span>
    </p>
   </div>
   <div class='ocr_carea' id='block_1_2' title="bbox 104 487 1120 2789">
    <p class='ocr_par' dir='ltr' id='par_1_2' title="bbox 113 487 1119 891">
     <span class='ocr_line' id='line_1_2' title="bbox 113 487 725 568; baseline -0.005 -18"><span class='ocrx_word' id='word_1_2' title='bbox 113 502 132 556; x_wconf 50' lang='grc' dir='ltr'>ρ’</span> <span class='ocrx_word' id='word_1_3' title='bbox 181 491 216 550; x_wconf 78' lang='lat' dir='ltr'>tt</span> <span class='ocrx_word' id='word_1_4' title='bbox 229 489 277 568; x_wconf 88' lang='lat' dir='ltr'>qui</span> <span class='ocrx_word' id='word_1_5' title='bbox 292 488 407 551; x_wconf 79' lang='lat' dir='ltr'>lenonis</span> <span class='ocrx_word' id='word_1_6' title='bbox 421 487 545 568; x_wconf 79' lang='lat' dir='ltr'>gloriam</span> <span class='ocrx_word' id='word_1_7' title='bbox 560 488 627 549; x_wconf 86' lang='lat' dir='ltr'>ueri</span> <span class='ocrx_word' id='word_1_8' title='bbox 641 488 725 567; x_wconf 91' lang='lat' dir='ltr'>petit,</span> 
     </span>
     <span class='ocr_line' id='line_1_3' title="bbox 144 570 1119 655; baseline 0.004 -20"><span class='ocrx_word' id='word_1_9' title='bbox 144 575 234 635; x_wconf 83' lang='lat' dir='ltr'>enimc</span> <span class='ocrx_word' id='word_1_10' title='bbox 249 575 343 653; x_wconf 83' lang='lat' dir='ltr'>magis</span> <span class='ocrx_word' id='word_1_11' title='bbox 358 592 448 655; x_wconf 88' lang='lat' dir='ltr'>quam</span> <span class='ocrx_word' id='word_1_12' title='bbox 464 592 537 635; x_wconf 90' lang='lat' dir='ltr'>uoce</span> <span class='ocrx_word' id='word_1_13' title='bbox 552 572 701 634; x_wconf 82' lang='lat' dir='ltr'>landari</span> <span class='ocrx_word' id='word_1_14' title='bbox 716 570 807 634; x_wconf 83' lang='lat' dir='ltr'>uolet.</span> <span class='ocrx_word' id='word_1_15' title='bbox 1069 587 1119 639; x_wconf 88' lang='grc'>210</span> 
     </span>
     <span class='ocr_line' id='line_1_4' title="bbox 141 657 930 737; baseline 0 -19"><span class='ocrx_word' id='word_1_16' title='bbox 141 673 213 719; x_wconf 77' lang='lat' dir='ltr'>lun.</span> <span class='ocrx_word' id='word_1_17' title='bbox 237 658 318 721; x_wconf 86' lang='lat' dir='ltr'>laus</span> <span class='ocrx_word' id='word_1_18' title='bbox 333 677 406 721; x_wconf 83' lang='lat' dir='ltr'>uena</span> <span class='ocrx_word' id='word_1_19' title='bbox 423 666 453 720; x_wconf 92' lang='lat' dir='ltr'>et</span> <span class='ocrx_word' id='word_1_20' title='bbox 467 657 573 720; x_wconf 87' lang='lat' dir='ltr'>humili</span> <span class='ocrx_word' id='word_1_21' title='bbox 588 676 677 737; x_wconf 81' lang='lat' dir='ltr'>saepe</span> <span class='ocrx_word' id='word_1_22' title='bbox 693 658 839 735; x_wconf 85' lang='lat' dir='ltr'>contingit</span> <span class='ocrx_word' id='word_1_23' title='bbox 854 658 930 728; x_wconf 83' lang='lat' dir='ltr'>uiro,</span> 
     </span>
     <span class='ocr_line' id='line_1_5' title="bbox 141 741 847 823; baseline -0.003 -19"><span class='ocrx_word' id='word_1_24' title='bbox 141 744 262 805; x_wconf 89' lang='lat' dir='ltr'>nonnisi</span> <span class='ocrx_word' id='word_1_25' title='bbox 277 746 392 823; x_wconf 88' lang='lat' dir='ltr'>potenti</span> <span class='ocrx_word' id='word_1_26' title='bbox 407 744 489 805; x_wconf 81' lang='lat' dir='ltr'>salse.</span> <span class='ocrx_word' id='word_1_27' title='bbox 516 744 596 822; x_wconf 87' lang='lat' dir='ltr'>quud</span> <span class='ocrx_word' id='word_1_28' title='bbox 610 743 730 813; x_wconf 89' lang='lat' dir='ltr'>nolunt,</span> <span class='ocrx_word' id='word_1_29' title='bbox 747 741 847 804; x_wconf 87' lang='lat' dir='ltr'>uelint</span> 
     </span>
     <span class='ocr_line' id='line_1_6' title="bbox 142 826 982 891; baseline -0.004 0"><span class='ocrx_word' id='word_1_30' title='bbox 142 843 209 891; x_wconf 75' lang='lat' dir='ltr'>seu.</span> <span class='ocrx_word' id='word_1_31' title='bbox 233 847 295 891; x_wconf 84' lang='lat' dir='ltr'>rex</span> <span class='ocrx_word' id='word_1_32' title='bbox 312 829 384 891; x_wconf 88' lang='lat' dir='ltr'>uelit</span> <span class='ocrx_word' id='word_1_33' title='bbox 399 830 572 890; x_wconf 79' lang='lat' dir='ltr'>honesta:</span> <span class='ocrx_word' id='word_1_34' title='bbox 593 846 682 890; x_wconf 89' lang='lat' dir='ltr'>nemo</span> <span class='ocrx_word' id='word_1_35' title='bbox 697 847 757 890; x_wconf 89' lang='lat' dir='ltr'>nun</span> <span class='ocrx_word' id='word_1_36' title='bbox 774 827 876 890; x_wconf 84' lang='lat' dir='ltr'>eedem</span> <span class='ocrx_word' id='word_1_37' title='bbox 894 826 982 890; x_wconf 87' lang='lat' dir='ltr'>uolet.</span> 
     </span>
    </p>

    <p class='ocr_par' dir='ltr' id='par_1_3' title="bbox 108 912 1120 1506">
     <span class='ocr_line' id='line_1_7' title="bbox 108 912 1050 995; baseline 0.001 -22"><span class='ocrx_word' id='word_1_38' title='bbox 108 931 133 995; x_wconf 62' lang='lat' dir='ltr'>p</span> <span class='ocrx_word' id='word_1_39' title='bbox 172 928 248 977; x_wconf 74' lang='lat' dir='ltr'>eun.</span> <span class='ocrx_word' id='word_1_40' title='bbox 269 914 455 994; x_wconf 79' lang='lat' dir='ltr'>Vbicumque</span> <span class='ocrx_word' id='word_1_41' title='bbox 469 923 584 977; x_wconf 84' lang='lat' dir='ltr'>tantum</span> <span class='ocrx_word' id='word_1_42' title='bbox 599 914 759 976; x_wconf 84' lang='lat' dir='ltr'>honesta</span> <span class='ocrx_word' id='word_1_43' title='bbox 775 914 937 976; x_wconf 78' lang='lat' dir='ltr'><strong>dominanti</strong></span> <span class='ocrx_word' id='word_1_44' title='bbox 952 912 1050 984; x_wconf 88' lang='lat' dir='ltr'>licent,</span> 
     </span>
     <span class='ocr_line' id='line_1_8' title="bbox 143 1002 1120 1079; baseline 0.002 -18"><span class='ocrx_word' id='word_1_45' title='bbox 143 1002 269 1078; x_wconf 81' lang='lat' dir='ltr'>precario</span> <span class='ocrx_word' id='word_1_46' title='bbox 284 1007 437 1079; x_wconf 82' lang='lat' dir='ltr'>regnatur.</span> <span class='ocrx_word' id='word_1_47' title='bbox 1069 1011 1120 1064; x_wconf 73' lang='grc'>212</span> 
     </span>
     <span class='ocr_line' id='line_1_9' title="bbox 142 1085 778 1163; baseline 0 -18"><span class='ocrx_word' id='word_1_48' title='bbox 142 1099 208 1146; x_wconf 71' lang='lat' dir='ltr'>stu.</span> <span class='ocrx_word' id='word_1_49' title='bbox 469 1085 521 1146; x_wconf 90' lang='lat' dir='ltr'>ubi</span> <span class='ocrx_word' id='word_1_50' title='bbox 536 1102 596 1145; x_wconf 86' lang='lat' dir='ltr'>non</span> <span class='ocrx_word' id='word_1_51' title='bbox 612 1093 657 1146; x_wconf 88' lang='lat' dir='ltr'>est</span> <span class='ocrx_word' id='word_1_52' title='bbox 670 1085 778 1163; x_wconf 84' lang='lat' dir='ltr'>pudor,</span> 
     </span>
     <span class='ocr_line' id='line_1_10' title="bbox 142 1169 854 1249; baseline 0 -19"><span class='ocrx_word' id='word_1_53' title='bbox 142 1189 276 1231; x_wconf 82' lang='lat' dir='ltr'>neccura</span> <span class='ocrx_word' id='word_1_54' title='bbox 291 1171 380 1242; x_wconf 83' lang='lat' dir='ltr'>iuris,</span> <span class='ocrx_word' id='word_1_55' title='bbox 402 1173 589 1232; x_wconf 82' lang='lat' dir='ltr'>sanctitas</span> <span class='ocrx_word' id='word_1_56' title='bbox 603 1172 727 1249; x_wconf 86' lang='lat' dir='ltr'>pietas</span> <span class='ocrx_word' id='word_1_57' title='bbox 742 1169 854 1232; x_wconf 80' lang='lat' dir='ltr'>fides:</span> 
     </span>
     <span class='ocr_line' id='line_1_11' title="bbox 142 1255 479 1334; baseline 0.006 -20"><span class='ocrx_word' id='word_1_58' title='bbox 142 1255 268 1317; x_wconf 82' lang='lat' dir='ltr'>instabile</span> <span class='ocrx_word' id='word_1_59' title='bbox 283 1273 410 1334; x_wconf 81' lang='lat' dir='ltr'>regnum</span> <span class='ocrx_word' id='word_1_60' title='bbox 426 1262 479 1316; x_wconf 89' lang='lat' dir='ltr'>est.</span> 
     </span>
     <span class='ocr_line' id='line_1_12' title="bbox 143 1339 961 1418; baseline 0.001 -18"><span class='ocrx_word' id='word_1_61' title='bbox 143 1354 212 1402; x_wconf 79' lang='lat' dir='ltr'>lun.</span> <span class='ocrx_word' id='word_1_62' title='bbox 513 1339 701 1402; x_wconf 82' lang='lat' dir='ltr'>sanctitas</span> <span class='ocrx_word' id='word_1_63' title='bbox 721 1341 844 1418; x_wconf 83' lang='lat' dir='ltr'>pietas</span> <span class='ocrx_word' id='word_1_64' title='bbox 866 1339 961 1401; x_wconf 89' lang='lat' dir='ltr'>lides</span> 
     </span>
     <span class='ocr_line' id='line_1_13' title="bbox 141 1425 831 1506; baseline -0.001 -21"><span class='ocrx_word' id='word_1_65' title='bbox 141 1427 245 1504; x_wconf 81' lang='lat' dir='ltr'>priuata</span> <span class='ocrx_word' id='word_1_66' title='bbox 261 1425 340 1486; x_wconf 87' lang='lat' dir='ltr'>buna</span> <span class='ocrx_word' id='word_1_67' title='bbox 355 1433 438 1494; x_wconf 86' lang='lat' dir='ltr'>sunl,</span> <span class='ocrx_word' id='word_1_68' title='bbox 455 1443 512 1506; x_wconf 81' lang='lat' dir='ltr'>qua</span> <span class='ocrx_word' id='word_1_69' title='bbox 528 1426 610 1486; x_wconf 81' lang='lat' dir='ltr'>iuuat</span> <span class='ocrx_word' id='word_1_70' title='bbox 624 1443 738 1504; x_wconf 82' lang='lat' dir='ltr'>reges</span> <span class='ocrx_word' id='word_1_71' title='bbox 753 1431 831 1486; x_wconf 88' lang='lat' dir='ltr'>eunt.</span> 
     </span>
    </p>

    <p class='ocr_par' dir='ltr' id='par_1_4' title="bbox 104 1509 1117 2016">
     <span class='ocr_line' id='line_1_14' title="bbox 104 1509 847 1588; baseline -0.001 -17"><span class='ocrx_word' id='word_1_72' title='bbox 104 1527 134 1586; x_wconf 55' lang='lat' dir='ltr'>em</span> <span class='ocrx_word' id='word_1_73' title='bbox 177 1523 248 1573; x_wconf 76' lang='lat' dir='ltr'><strong>SAT.</strong></span> <span class='ocrx_word' id='word_1_74' title='bbox 274 1510 364 1572; x_wconf 82' lang='lat' dir='ltr'>Nefas</span> <span class='ocrx_word' id='word_1_75' title='bbox 379 1529 489 1573; x_wconf 86' lang='lat' dir='ltr'>nocere</span> <span class='ocrx_word' id='word_1_76' title='bbox 505 1509 553 1571; x_wconf 89' lang='lat' dir='ltr'>uel</span> <span class='ocrx_word' id='word_1_77' title='bbox 569 1509 647 1571; x_wconf 82' lang='lat' dir='ltr'>malo</span> <span class='ocrx_word' id='word_1_78' title='bbox 663 1509 748 1571; x_wconf 80' lang='lat' dir='ltr'>fratri</span> <span class='ocrx_word' id='word_1_79' title='bbox 764 1516 847 1588; x_wconf 87' lang='lat' dir='ltr'>puta.</span> 
     </span>
     <span class='ocr_line' id='line_1_15' title="bbox 144 1594 1117 1675; baseline 0.003 -21"><span class='ocrx_word' id='word_1_80' title='bbox 144 1610 212 1656; x_wconf 75' lang='lat' dir='ltr'>nnn.</span> <span class='ocrx_word' id='word_1_81' title='bbox 239 1596 284 1657; x_wconf 82' lang='lat' dir='ltr'>les</span> <span class='ocrx_word' id='word_1_82' title='bbox 299 1603 343 1657; x_wconf 90' lang='lat' dir='ltr'>est</span> <span class='ocrx_word' id='word_1_83' title='bbox 358 1597 389 1656; x_wconf 92' lang='lat' dir='ltr'>in</span> <span class='ocrx_word' id='word_1_84' title='bbox 404 1594 454 1657; x_wconf 90' lang='lat' dir='ltr'>illc</span> <span class='ocrx_word' id='word_1_85' title='bbox 471 1595 609 1675; x_wconf 87' lang='lat' dir='ltr'>quicquid</span> <span class='ocrx_word' id='word_1_86' title='bbox 625 1595 656 1656; x_wconf 92' lang='lat' dir='ltr'>in</span> <span class='ocrx_word' id='word_1_87' title='bbox 673 1596 764 1657; x_wconf 78' lang='lat' dir='ltr'>luntre</span> <span class='ocrx_word' id='word_1_88' title='bbox 780 1601 825 1657; x_wconf 85' lang='lat' dir='ltr'>est</span> <span class='ocrx_word' id='word_1_89' title='bbox 839 1595 935 1658; x_wconf 81' lang='lat' dir='ltr'>netes:</span> <span class='ocrx_word' id='word_1_90' title='bbox 1067 1606 1117 1657; x_wconf 88' lang='grc'>220</span> 
     </span>
     <span class='ocr_line' id='line_1_16' title="bbox 142 1680 882 1760; baseline 0.001 -19"><span class='ocrx_word' id='word_1_91' title='bbox 142 1680 202 1759; x_wconf 91' lang='lat' dir='ltr'>quid</span> <span class='ocrx_word' id='word_1_92' title='bbox 218 1683 294 1742; x_wconf 90' lang='lat' dir='ltr'>euim</span> <span class='ocrx_word' id='word_1_93' title='bbox 310 1680 432 1760; x_wconf 60' lang='lat' dir='ltr'>[eliquit</span> <span class='ocrx_word' id='word_1_94' title='bbox 446 1680 572 1742; x_wconf 85' lang='lat' dir='ltr'>crimine</span> <span class='ocrx_word' id='word_1_95' title='bbox 587 1681 747 1749; x_wconf 82' lang='lat' dir='ltr'>intactum,</span> <span class='ocrx_word' id='word_1_96' title='bbox 765 1687 815 1742; x_wconf 77' lang='lat' dir='ltr'>aut</span> <span class='ocrx_word' id='word_1_97' title='bbox 829 1680 882 1742; x_wconf 89' lang='lat' dir='ltr'>ubi</span> 
     </span>
     <span class='ocr_line' id='line_1_17' title="bbox 143 1764 864 1848; baseline 0.003 -24"><span class='ocrx_word' id='word_1_98' title='bbox 143 1764 235 1826; x_wconf 82' lang='lat' dir='ltr'>sceleri</span> <span class='ocrx_word' id='word_1_99' title='bbox 250 1767 404 1847; x_wconf 76' lang='lat' dir='ltr'>pepercit?</span> <span class='ocrx_word' id='word_1_100' title='bbox 420 1765 593 1848; x_wconf 63' lang='lat' dir='ltr'>[conlucent</span> <span class='ocrx_word' id='word_1_101' title='bbox 607 1774 716 1843; x_wconf 81' lang='lat' dir='ltr'>stupro</span> <span class='ocrx_word' id='word_1_102' title='bbox 731 1768 864 1842; x_wconf 83' lang='lat' dir='ltr'>adstulit,</span> 
     </span>
     <span class='ocr_line' id='line_1_18' title="bbox 143 1852 914 1933; baseline 0.003 -23"><span class='ocrx_word' id='word_1_103' title='bbox 143 1869 317 1930; x_wconf 70' lang='lat' dir='ltr'>aequumque</span> <span class='ocrx_word' id='word_1_104' title='bbox 327 1852 445 1933; x_wconf 81' lang='lat' dir='ltr'>furtu]</span> <span class='ocrx_word' id='word_1_105' title='bbox 472 1852 623 1930; x_wconf 85' lang='lat' dir='ltr'>specimen</span> <span class='ocrx_word' id='word_1_106' title='bbox 638 1853 791 1931; x_wconf 82' lang='lat' dir='ltr'>antiquum</span> <span class='ocrx_word' id='word_1_107' title='bbox 806 1853 914 1931; x_wconf 83' lang='lat' dir='ltr'>imperi</span> 
     </span>
     <span class='ocr_line' id='line_1_19' title="bbox 144 1935 862 2016; baseline 0.006 -22"><span class='ocrx_word' id='word_1_108' title='bbox 144 1935 236 1998; x_wconf 83' lang='lat' dir='ltr'>iraude</span> <span class='ocrx_word' id='word_1_109' title='bbox 251 1945 296 1998; x_wconf 89' lang='lat' dir='ltr'>est</span> <span class='ocrx_word' id='word_1_110' title='bbox 310 1937 446 2016; x_wconf 84' lang='lat' dir='ltr'>adeptus,</span> <span class='ocrx_word' id='word_1_111' title='bbox 463 1937 567 1997; x_wconf 81' lang='lat' dir='ltr'>fraude</span> <span class='ocrx_word' id='word_1_112' title='bbox 583 1936 716 1999; x_wconf 83' lang='lat' dir='ltr'>turbauit</span> <span class='ocrx_word' id='word_1_113' title='bbox 731 1936 862 1998; x_wconf 86' lang='lat' dir='ltr'>domum.</span> 
     </span>
    </p>

    <p class='ocr_par' dir='ltr' id='par_1_5' title="bbox 118 2015 1117 2444">
     <span class='ocr_line' id='line_1_20' title="bbox 118 2015 1117 2102; baseline 0.002 -22"><span class='ocrx_word' id='word_1_114' title='bbox 118 2015 131 2062; x_wconf 73' lang='lat' dir='ltr'>d</span> <span class='ocrx_word' id='word_1_115' title='bbox 180 2021 227 2082; x_wconf 77' lang='lat' dir='ltr'>list</span> <span class='ocrx_word' id='word_1_116' title='bbox 240 2020 360 2102; x_wconf 87' lang='lat' dir='ltr'>Pelopis</span> <span class='ocrx_word' id='word_1_117' title='bbox 376 2022 442 2085; x_wconf 83' lang='lat' dir='ltr'>altis</span> <span class='ocrx_word' id='word_1_118' title='bbox 456 2021 556 2083; x_wconf 88' lang='lat' dir='ltr'>nobile</span> <span class='ocrx_word' id='word_1_119' title='bbox 571 2023 602 2082; x_wconf 92' lang='lat' dir='ltr'>in</span> <span class='ocrx_word' id='word_1_120' title='bbox 618 2021 740 2084; x_wconf 84' lang='lat' dir='ltr'>stabulis</span> <span class='ocrx_word' id='word_1_121' title='bbox 755 2039 856 2101; x_wconf 77' lang='lat' dir='ltr'>pecuS,</span> <span class='ocrx_word' id='word_1_122' title='bbox 1067 2029 1117 2082; x_wconf 78' lang='lat'>226</span> 
     </span>
     <span class='ocr_line' id='line_1_21' title="bbox 145 2107 761 2189; baseline 0.006 -24"><span class='ocrx_word' id='word_1_123' title='bbox 145 2124 256 2169; x_wconf 83' lang='lat' dir='ltr'>arcanus</span> <span class='ocrx_word' id='word_1_124' title='bbox 272 2110 367 2179; x_wconf 77' lang='lat' dir='ltr'>unice,</span> <span class='ocrx_word' id='word_1_125' title='bbox 383 2109 489 2171; x_wconf 86' lang='lat' dir='ltr'>ductor</span> <span class='ocrx_word' id='word_1_126' title='bbox 504 2107 638 2187; x_wconf 77' lang='lat' dir='ltr'>opulenti</span> <span class='ocrx_word' id='word_1_127' title='bbox 653 2108 761 2189; x_wconf 82' lang='lat' dir='ltr'>gregis.</span> 
     </span>
     <span class='ocr_line' id='line_1_22' title="bbox 144 2190 750 2274; baseline 0.008 -24"><span class='ocrx_word' id='word_1_128' title='bbox 144 2190 239 2256; x_wconf 87' lang='lat' dir='ltr'>huius</span> <span class='ocrx_word' id='word_1_129' title='bbox 253 2212 309 2274; x_wconf 82' lang='lat' dir='ltr'>per</span> <span class='ocrx_word' id='word_1_130' title='bbox 325 2213 414 2257; x_wconf 89' lang='lat' dir='ltr'>omne</span> <span class='ocrx_word' id='word_1_131' title='bbox 430 2211 538 2274; x_wconf 82' lang='lat' dir='ltr'>corpus</span> <span class='ocrx_word' id='word_1_132' title='bbox 553 2194 647 2255; x_wconf 80' lang='lat' dir='ltr'>effuso</span> <span class='ocrx_word' id='word_1_133' title='bbox 663 2212 750 2257; x_wconf 81' lang='lat' dir='ltr'>cuma</span> 
     </span>
     <span class='ocr_line' id='line_1_23' title="bbox 144 2275 763 2358; baseline 0.008 -23"><span class='ocrx_word' id='word_1_134' title='bbox 144 2275 278 2355; x_wconf 75' lang='lat' dir='ltr'>dependet</span> <span class='ocrx_word' id='word_1_135' title='bbox 292 2298 380 2351; x_wconf 83' lang='lat' dir='ltr'>auro,</span> <span class='ocrx_word' id='word_1_136' title='bbox 398 2287 517 2358; x_wconf 82' lang='lat' dir='ltr'>tergore</span> <span class='ocrx_word' id='word_1_137' title='bbox 531 2298 572 2342; x_wconf 82' lang='lat' dir='ltr'>ex</span> <span class='ocrx_word' id='word_1_138' title='bbox 586 2281 675 2341; x_wconf 73' lang='lat' dir='ltr'>liuius</span> <span class='ocrx_word' id='word_1_139' title='bbox 690 2280 763 2341; x_wconf 87' lang='lat' dir='ltr'>noui</span> 
     </span>
     <span class='ocr_line' id='line_1_24' title="bbox 145 2365 736 2444; baseline 0.007 -23"><span class='ocrx_word' id='word_1_140' title='bbox 145 2372 232 2424; x_wconf 79' lang='lat' dir='ltr'>aurata</span> <span class='ocrx_word' id='word_1_141' title='bbox 248 2381 337 2442; x_wconf 81' lang='lat' dir='ltr'>reges</span> <span class='ocrx_word' id='word_1_142' title='bbox 351 2374 468 2444; x_wconf 82' lang='lat' dir='ltr'>sceptra</span> <span class='ocrx_word' id='word_1_143' title='bbox 484 2365 605 2427; x_wconf 81' lang='lat' dir='ltr'>tentelei</span> <span class='ocrx_word' id='word_1_144' title='bbox 619 2372 736 2443; x_wconf 80' lang='lat' dir='ltr'>gerunt.</span> 
     </span>
    </p>

    <p class='ocr_par' dir='ltr' id='par_1_6' title="bbox 118 2449 1116 2701">
     <span class='ocr_line' id='line_1_25' title="bbox 118 2449 1116 2529; baseline 0.001 -23"><span class='ocrx_word' id='word_1_145' title='bbox 118 2451 137 2506; x_wconf 81' lang='lat' dir='ltr'>d</span> <span class='ocrx_word' id='word_1_146' title='bbox 180 2449 334 2511; x_wconf 83' lang='lat' dir='ltr'>Possesscr</span> <span class='ocrx_word' id='word_1_147' title='bbox 348 2451 461 2512; x_wconf 83' lang='lat' dir='ltr'>huius</span> <span class='ocrx_word' id='word_1_148' title='bbox 475 2460 596 2529; x_wconf 85' lang='lat' dir='ltr'>regnat,</span> <span class='ocrx_word' id='word_1_149' title='bbox 612 2450 693 2512; x_wconf 91' lang='lat' dir='ltr'>hunc</span> <span class='ocrx_word' id='word_1_150' title='bbox 709 2458 834 2511; x_wconf 84' lang='lat' dir='ltr'>cunctae</span> <span class='ocrx_word' id='word_1_151' title='bbox 849 2449 955 2511; x_wconf 85' lang='lat' dir='ltr'>dumus</span> <span class='ocrx_word' id='word_1_152' title='bbox 1066 2457 1116 2507; x_wconf 83' lang='grc'>230</span> 
     </span>
     <span class='ocr_line' id='line_1_26' title="bbox 145 2531 867 2615; baseline 0.007 -25"><span class='ocrx_word' id='word_1_153' title='bbox 145 2531 248 2595; x_wconf 82' lang='lat' dir='ltr'>fortuna</span> <span class='ocrx_word' id='word_1_154' title='bbox 263 2538 409 2615; x_wconf 80' lang='lat' dir='ltr'>sequitur.</span> <span class='ocrx_word' id='word_1_155' title='bbox 436 2543 498 2597; x_wconf 85' lang='lat' dir='ltr'>tuta</span> <span class='ocrx_word' id='word_1_156' title='bbox 514 2538 642 2615; x_wconf 81' lang='lat' dir='ltr'>seposita</span> <span class='ocrx_word' id='word_1_157' title='bbox 657 2552 743 2597; x_wconf 82' lang='lat' dir='ltr'>secer</span> <span class='ocrx_word' id='word_1_158' title='bbox 862 2538 867 2547; x_wconf 89' lang='lat'>&#39;</span> 
     </span>
     <span class='ocr_line' id='line_1_27' title="bbox 145 2617 759 2701; baseline 0.008 -26"><span class='ocrx_word' id='word_1_159' title='bbox 145 2617 169 2675; x_wconf 94' lang='lat' dir='ltr'>in</span> <span class='ocrx_word' id='word_1_160' title='bbox 181 2628 260 2695; x_wconf 86' lang='lat' dir='ltr'>parte</span> <span class='ocrx_word' id='word_1_161' title='bbox 275 2623 354 2700; x_wconf 82' lang='lat' dir='ltr'>capit</span> <span class='ocrx_word' id='word_1_162' title='bbox 369 2629 462 2700; x_wconf 82' lang='lat' dir='ltr'>prata,</span> <span class='ocrx_word' id='word_1_163' title='bbox 479 2638 555 2698; x_wconf 80' lang='lat' dir='ltr'>quae</span> <span class='ocrx_word' id='word_1_164' title='bbox 570 2620 661 2683; x_wconf 90' lang='lat' dir='ltr'>cludit</span> <span class='ocrx_word' id='word_1_165' title='bbox 676 2620 759 2701; x_wconf 77' lang='lat' dir='ltr'>lapis,</span> 
     </span>
    </p>

    <p class='ocr_par' dir='ltr' id='par_1_7' title="bbox 147 2697 762 2789">
     <span class='ocr_line' id='line_1_28' title="bbox 147 2697 762 2789; baseline 0.011 -27"><span class='ocrx_word' id='word_1_166' title='bbox 147 2697 247 2785; x_wconf 78' lang='lat' dir='ltr'>[fatale</span> <span class='ocrx_word' id='word_1_167' title='bbox 260 2724 357 2768; x_wconf 80' lang='lat' dir='ltr'>saxeo</span> <span class='ocrx_word' id='word_1_168' title='bbox 366 2724 516 2787; x_wconf 70' lang='lat' dir='ltr'>pascuam</span> <span class='ocrx_word' id='word_1_169' title='bbox 531 2725 620 2769; x_wconf 85' lang='lat' dir='ltr'>muro</span> <span class='ocrx_word' id='word_1_170' title='bbox 635 2702 762 2789; x_wconf 68' lang='lat' dir='ltr'>eccene]</span> 
     </span>
    </p>
   </div>
   <div class='ocr_carea' id='block_1_3' title="bbox 148 3094 1052 3699">
    <p class='ocr_par' dir='ltr' id='par_1_8' title="bbox 148 3094 1052 3699">
     <span class='ocr_line' id='line_1_29' title="bbox 202 3094 1052 3165; baseline 0.001 -19"><span class='ocrx_word' id='word_1_171' title='bbox 202 3099 246 3147; x_wconf 78' lang='grc'>211</span> <span class='ocrx_word' id='word_1_172' title='bbox 265 3099 326 3148; x_wconf 85' lang='lat' dir='ltr'>niro</span> <span class='ocrx_word' id='word_1_173' title='bbox 339 3098 366 3147; x_wconf 90' lang='grc' dir='ltr'><em>Ε</em></span> <span class='ocrx_word' id='word_1_174' title='bbox 383 3094 488 3163; x_wconf 80' lang='lat' dir='ltr'>(literae</span> <span class='ocrx_word' id='word_1_175' title='bbox 506 3098 547 3149; x_wconf 85' lang='lat' dir='ltr'>iro</span> <span class='ocrx_word' id='word_1_176' title='bbox 566 3116 583 3149; x_wconf 86' lang='lat' dir='ltr'>a</span> <span class='ocrx_word' id='word_1_177' title='bbox 594 3102 611 3148; x_wconf 85' lang='lat'><strong><em>2</em></strong></span> <span class='ocrx_word' id='word_1_178' title='bbox 623 3097 665 3163; x_wconf 86' lang='lat' dir='ltr'>m.)</span> <span class='ocrx_word' id='word_1_179' title='bbox 688 3094 701 3165; x_wconf 75' lang='lat' dir='ltr'>ll</span> <span class='ocrx_word' id='word_1_180' title='bbox 725 3100 775 3149; x_wconf 82' lang='grc'>214</span> <span class='ocrx_word' id='word_1_181' title='bbox 792 3097 880 3149; x_wconf 85' lang='lat' dir='ltr'>licent</span> <span class='ocrx_word' id='word_1_182' title='bbox 898 3098 923 3147; x_wconf 87' lang='grc' dir='ltr'><em>Ε</em></span> <span class='ocrx_word' id='word_1_183' title='bbox 941 3094 989 3161; x_wconf 81' lang='lat' dir='ltr'>(lit.</span> <span class='ocrx_word' id='word_1_184' title='bbox 1003 3100 1052 3147; x_wconf 81' lang='lat' dir='ltr'>ent</span> 
     </span>
     <span class='ocr_line' id='line_1_30' title="bbox 149 3162 1050 3233; baseline 0.001 -19"><span class='ocrx_word' id='word_1_185' title='bbox 149 3165 240 3231; x_wconf 76' lang='lat' dir='ltr'>alm.)</span> <span class='ocrx_word' id='word_1_186' title='bbox 268 3162 281 3233; x_wconf 81' lang='lat' dir='ltr'>ss</span> <span class='ocrx_word' id='word_1_187' title='bbox 310 3168 361 3217; x_wconf 81' lang='grc'>220</span> <span class='ocrx_word' id='word_1_188' title='bbox 379 3168 459 3217; x_wconf 77' lang='lat' dir='ltr'>nesae</span> <span class='ocrx_word' id='word_1_189' title='bbox 477 3166 503 3216; x_wconf 83' lang='lat' dir='ltr'><em>E</em></span> <span class='ocrx_word' id='word_1_190' title='bbox 521 3167 570 3230; x_wconf 80' lang='lat' dir='ltr'>(lit.</span> <span class='ocrx_word' id='word_1_191' title='bbox 587 3168 630 3217; x_wconf 80' lang='lat' dir='ltr'>lae</span> <span class='ocrx_word' id='word_1_192' title='bbox 648 3170 694 3216; x_wconf 86' lang='lat' dir='ltr'>a2</span> <span class='ocrx_word' id='word_1_193' title='bbox 711 3167 754 3232; x_wconf 88' lang='lat' dir='ltr'>m.)</span> <span class='ocrx_word' id='word_1_194' title='bbox 778 3163 791 3233; x_wconf 80' lang='grc'>[1</span> <span class='ocrx_word' id='word_1_195' title='bbox 814 3170 863 3217; x_wconf 88' lang='grc'>221</span> <span class='ocrx_word' id='word_1_196' title='bbox 886 3165 1001 3231; x_wconf 84' lang='lat' dir='ltr'>reliquit</span> <span class='ocrx_word' id='word_1_197' title='bbox 1024 3165 1050 3215; x_wconf 83' lang='lat' dir='ltr'><em>E</em></span> 
     </span>
     <span class='ocr_line' id='line_1_31' title="bbox 148 3230 1051 3302; baseline 0.002 -20"><span class='ocrx_word' id='word_1_198' title='bbox 148 3230 193 3282; x_wconf 74' lang='lat' dir='ltr'>(sed</span> <span class='ocrx_word' id='word_1_199' title='bbox 205 3238 217 3281; x_wconf 83' lang='lat' dir='ltr'>t</span> <span class='ocrx_word' id='word_1_200' title='bbox 232 3251 249 3284; x_wconf 87' lang='lat' dir='ltr'>a</span> <span class='ocrx_word' id='word_1_201' title='bbox 264 3252 295 3285; x_wconf 85' lang='lat' dir='ltr'>m.</span> <span class='ocrx_word' id='word_1_202' title='bbox 311 3238 329 3285; x_wconf 87' lang='lat'><strong><em>2</em></strong></span> <span class='ocrx_word' id='word_1_203' title='bbox 346 3236 375 3285; x_wconf 82' lang='lat' dir='ltr'>in</span> <span class='ocrx_word' id='word_1_204' title='bbox 390 3251 446 3287; x_wconf 80' lang='lat' dir='ltr'>rac.</span> <span class='ocrx_word' id='word_1_205' title='bbox 470 3234 590 3301; x_wconf 87' lang='lat' dir='ltr'>reliquid</span> <span class='ocrx_word' id='word_1_206' title='bbox 612 3232 677 3296; x_wconf 84' lang='lat' dir='ltr'><strong>E¹?)</strong></span> <span class='ocrx_word' id='word_1_207' title='bbox 718 3231 731 3302; x_wconf 76' lang='lat' dir='ltr'>ll</span> <span class='ocrx_word' id='word_1_208' title='bbox 771 3235 835 3285; x_wconf 65' lang='lat'><strong>222¹*</strong></span> <span class='ocrx_word' id='word_1_209' title='bbox 864 3238 926 3286; x_wconf 65' lang='grc' dir='ltr'>223ι</span> <span class='ocrx_word' id='word_1_210' title='bbox 948 3236 1051 3285; x_wconf 72' lang='lat' dir='ltr'>sustulit</span> 
     </span>
     <span class='ocr_line' id='line_1_32' title="bbox 150 3298 1050 3370; baseline 0.004 -22"><span class='ocrx_word' id='word_1_211' title='bbox 150 3298 199 3349; x_wconf 72' lang='grc' dir='ltr'>ΕΡ.</span> <span class='ocrx_word' id='word_1_212' title='bbox 219 3298 230 3368; x_wconf 86' lang='grc'>11</span> <span class='ocrx_word' id='word_1_213' title='bbox 252 3305 302 3354; x_wconf 81' lang='grc'>227</span> <span class='ocrx_word' id='word_1_214' title='bbox 321 3303 415 3355; x_wconf 75' lang='lat' dir='ltr'>infuso</span> <span class='ocrx_word' id='word_1_215' title='bbox 433 3303 457 3354; x_wconf 81' lang='lat' dir='ltr'>A</span> <span class='ocrx_word' id='word_1_216' title='bbox 475 3302 563 3355; x_wconf 83' lang='lat' dir='ltr'>effueo</span> <span class='ocrx_word' id='word_1_217' title='bbox 580 3304 606 3353; x_wconf 82' lang='lat' dir='ltr'><em>E</em></span> <span class='ocrx_word' id='word_1_218' title='bbox 629 3300 641 3370; x_wconf 82' lang='lat' dir='ltr'>ss</span> <span class='ocrx_word' id='word_1_219' title='bbox 663 3304 715 3355; x_wconf 83' lang='grc'>228</span> <span class='ocrx_word' id='word_1_220' title='bbox 733 3304 870 3369; x_wconf 83' lang='lat' dir='ltr'>dependet</span> <span class='ocrx_word' id='word_1_221' title='bbox 888 3300 925 3353; x_wconf 67' lang='grc' dir='ltr'>Ε2</span> <span class='ocrx_word' id='word_1_222' title='bbox 948 3298 960 3370; x_wconf 86' lang='grc' dir='ltr'>ΙΙ</span> <span class='ocrx_word' id='word_1_223' title='bbox 988 3302 1050 3353; x_wconf 88' lang='lat' dir='ltr'>uiro</span> 
     </span>
     <span class='ocr_line' id='line_1_33' title="bbox 151 3366 1039 3438; baseline 0.003 -20"><span class='ocrx_word' id='word_1_224' title='bbox 151 3366 169 3413; x_wconf 71' lang='lat' dir='ltr'>l)</span> <span class='ocrx_word' id='word_1_225' title='bbox 186 3384 247 3421; x_wconf 85' lang='lat' dir='ltr'>auro</span> <span class='ocrx_word' id='word_1_226' title='bbox 264 3372 288 3422; x_wconf 87' lang='grc' dir='ltr'><em>Α</em></span> <span class='ocrx_word' id='word_1_227' title='bbox 309 3368 321 3438; x_wconf 78' lang='grc' dir='ltr'>ΙΙ</span> <span class='ocrx_word' id='word_1_228' title='bbox 344 3374 424 3421; x_wconf 86' lang='lat' dir='ltr'>cuiue</span> <span class='ocrx_word' id='word_1_229' title='bbox 442 3388 458 3422; x_wconf 92' lang='lat' dir='ltr'>e</span> <span class='ocrx_word' id='word_1_230' title='bbox 475 3376 554 3438; x_wconf 80' lang='lat' dir='ltr'>tergo</span> <span class='ocrx_word' id='word_1_231' title='bbox 571 3390 593 3423; x_wconf 89' lang='grc' dir='ltr'><strong><em>ω</em></strong></span> <span class='ocrx_word' id='word_1_232' title='bbox 612 3377 731 3436; x_wconf 81' lang='lat' dir='ltr'>tergore</span> <span class='ocrx_word' id='word_1_233' title='bbox 757 3389 796 3422; x_wconf 88' lang='lat' dir='ltr'>ex</span> <span class='ocrx_word' id='word_1_234' title='bbox 813 3373 900 3423; x_wconf 89' lang='lat' dir='ltr'>huins</span> <span class='ocrx_word' id='word_1_235' title='bbox 918 3374 950 3421; x_wconf 81' lang='lat' dir='ltr'>ci.</span> <span class='ocrx_word' id='word_1_236' title='bbox 963 3370 1013 3421; x_wconf 87' lang='lat' dir='ltr'>Bo.</span> <span class='ocrx_word' id='word_1_237' title='bbox 1027 3366 1039 3436; x_wconf 84' lang='grc' dir='ltr'>ΙΙ</span> 
     </span>
     <span class='ocr_line' id='line_1_34' title="bbox 151 3436 1050 3507; baseline 0.002 -21"><span class='ocrx_word' id='word_1_238' title='bbox 151 3436 188 3486; x_wconf 69' lang='lat' dir='ltr'>lli</span> <span class='ocrx_word' id='word_1_239' title='bbox 203 3439 328 3490; x_wconf 79' lang='lat' dir='ltr'>tantaliei</span> <span class='ocrx_word' id='word_1_240' title='bbox 341 3442 383 3491; x_wconf 92' lang='grc' dir='ltr'>Αε</span> <span class='ocrx_word' id='word_1_241' title='bbox 409 3440 513 3491; x_wconf 78' lang='lat' dir='ltr'>tantali</span> <span class='ocrx_word' id='word_1_242' title='bbox 530 3440 571 3490; x_wconf 77' lang='lat' dir='ltr'>Ml</span> <span class='ocrx_word' id='word_1_243' title='bbox 587 3441 717 3491; x_wconf 81' lang='lat' dir='ltr'>tantalei</span> <span class='ocrx_word' id='word_1_244' title='bbox 734 3442 795 3505; x_wconf 84' lang='lat' dir='ltr'>Lip.</span> <span class='ocrx_word' id='word_1_245' title='bbox 813 3438 824 3507; x_wconf 91' lang='grc' dir='ltr'>ΙΙ</span> <span class='ocrx_word' id='word_1_246' title='bbox 846 3444 896 3493; x_wconf 88' lang='grc'>230</span> <span class='ocrx_word' id='word_1_247' title='bbox 914 3442 1010 3489; x_wconf 80' lang='lat' dir='ltr'>tantae</span> <span class='ocrx_word' id='word_1_248' title='bbox 1024 3439 1050 3488; x_wconf 88' lang='lat' dir='ltr'><em>A</em></span> 
     </span>
     <span class='ocr_line' id='line_1_35' title="bbox 152 3506 1051 3576; baseline 0.003 -24"><span class='ocrx_word' id='word_1_249' title='bbox 152 3511 251 3558; x_wconf 84' lang='lat' dir='ltr'>cunctae</span> <span class='ocrx_word' id='word_1_250' title='bbox 266 3508 377 3560; x_wconf 78' lang='lat' dir='ltr'>EVoce.</span> <span class='ocrx_word' id='word_1_251' title='bbox 407 3506 420 3576; x_wconf 83' lang='lat' dir='ltr'>ss</span> <span class='ocrx_word' id='word_1_252' title='bbox 446 3512 497 3561; x_wconf 80' lang='grc'>233</span> <span class='ocrx_word' id='word_1_253' title='bbox 519 3524 599 3559; x_wconf 84' lang='lat' dir='ltr'>sucro</span> <span class='ocrx_word' id='word_1_254' title='bbox 617 3523 750 3575; x_wconf 75' lang='lat' dir='ltr'>pascuum</span> <span class='ocrx_word' id='word_1_255' title='bbox 771 3517 792 3574; x_wconf 81' lang='grc' dir='ltr'><em>ψ</em></span> <span class='ocrx_word' id='word_1_256' title='bbox 819 3525 904 3560; x_wconf 77' lang='lat' dir='ltr'>saxeo</span> <span class='ocrx_word' id='word_1_257' title='bbox 927 3521 1012 3573; x_wconf 72' lang='lat' dir='ltr'>pecus</span> <span class='ocrx_word' id='word_1_258' title='bbox 1032 3522 1051 3556; x_wconf 87' lang='grc' dir='ltr'>α</span> 
     </span>
     <span class='ocr_line' id='line_1_36' title="bbox 152 3573 1050 3645; baseline 0.002 -22"><span class='ocrx_word' id='word_1_259' title='bbox 152 3584 219 3625; x_wconf 68' lang='lat' dir='ltr'>taxeo</span> <span class='ocrx_word' id='word_1_260' title='bbox 234 3592 369 3642; x_wconf 79' lang='lat' dir='ltr'>pascuum</span> <span class='ocrx_word' id='word_1_261' title='bbox 386 3578 412 3627; x_wconf 91' lang='grc' dir='ltr'><em>Ε</em></span> <span class='ocrx_word' id='word_1_262' title='bbox 429 3586 452 3643; x_wconf 83' lang='grc' dir='ltr'><strong>ψ</strong></span> <span class='ocrx_word' id='word_1_263' title='bbox 472 3573 485 3645; x_wconf 79' lang='grc' dir='ltr'>ΙΙ</span> <span class='ocrx_word' id='word_1_264' title='bbox 508 3594 582 3629; x_wconf 88' lang='lat' dir='ltr'>more</span> <span class='ocrx_word' id='word_1_265' title='bbox 599 3586 623 3642; x_wconf 83' lang='grc' dir='ltr'><strong>ψ</strong></span> <span class='ocrx_word' id='word_1_266' title='bbox 641 3594 718 3629; x_wconf 87' lang='lat' dir='ltr'>muro</span> <span class='ocrx_word' id='word_1_267' title='bbox 736 3578 761 3627; x_wconf 95' lang='grc' dir='ltr'><em>Ε</em></span> <span class='ocrx_word' id='word_1_268' title='bbox 773 3584 791 3628; x_wconf 84' lang='lat' dir='ltr'>t.</span> <span class='ocrx_word' id='word_1_269' title='bbox 806 3578 851 3630; x_wconf 84' lang='lat' dir='ltr'>Gr.</span> <span class='ocrx_word' id='word_1_270' title='bbox 865 3577 961 3644; x_wconf 71' lang='lat' dir='ltr'>aptll</span> <span class='ocrx_word' id='word_1_271' title='bbox 991 3590 1050 3625; x_wconf 83' lang='lat' dir='ltr'>uer-</span> 
     </span>
     <span class='ocr_line' id='line_1_37' title="bbox 152 3646 934 3699; baseline 0.008 -10"><span class='ocrx_word' id='word_1_272' title='bbox 152 3654 193 3691; x_wconf 82' lang='lat' dir='ltr'>un</span> <span class='ocrx_word' id='word_1_273' title='bbox 206 3646 295 3696; x_wconf 83' lang='lat' dir='ltr'>deleuit</span> <span class='ocrx_word' id='word_1_274' title='bbox 307 3646 461 3699; x_wconf 81' lang='lat' dir='ltr'>LMueller.</span> <span class='ocrx_word' id='word_1_275' title='bbox 479 3650 594 3698; x_wconf 83' lang='lat' dir='ltr'>lacunam</span> <span class='ocrx_word' id='word_1_276' title='bbox 606 3650 622 3697; x_wconf 84' lang='lat'><strong><em>2</em></strong></span> <span class='ocrx_word' id='word_1_277' title='bbox 635 3663 752 3697; x_wconf 79' lang='lat' dir='ltr'>uersuum</span> <span class='ocrx_word' id='word_1_278' title='bbox 763 3652 853 3697; x_wconf 79' lang='lat' dir='ltr'>statuit</span> <span class='ocrx_word' id='word_1_279' title='bbox 871 3649 934 3699; x_wconf 71' lang='grc' dir='ltr'>ΕΡ.</span> 
     </span>
    </p>
   </div>
   <div class='ocr_carea' id='block_1_4' title="bbox 800 3729 844 3794">
    <p class='ocr_par' dir='ltr' id='par_1_9' title="bbox 800 3729 844 3794">
     <span class='ocr_line' id='line_1_38' title="bbox 800 3729 844 3794; baseline 0 -26"><span class='ocrx_word' id='word_1_280' title='bbox 800 3729 844 3794; x_wconf 80' lang='grc'>5*</span> 
     </span>
    </p>
   </div>
   <div class='ocr_carea' id='block_1_5' title="bbox 0 0 1380 4250">
    <p class='ocr_par' dir='ltr' id='par_1_10' title="bbox 0 0 1380 4250">
     <span class='ocr_line' id='line_1_39' title="bbox 0 0 1380 4250; baseline 0 1"><span class='ocrx_word' id='word_1_281' title='bbox 0 0 1380 4250; x_wconf 95' lang='lat' dir='ltr'> </span> 
     </span>
    </p>
   </div>
  </div>
 </body>
</html>
