2750 4250
292 351 357 416 196
576 367 608 414 o.
624 365 758 413 rursum
774 365 935 414 seuuemo

289 506 386 568 sseote.
409 513 443 566 ut
457 505 589 575 recedes,
604 523 712 584 magno
727 523 799 585 pers
812 503 935 567 sceleris
949 512 1049 566 tomen
1205 525 1233 572 m

292 592 383 653 uestri
397 597 518 670 peraeto
534 599 593 651 est:

264 710 280 744 e
626 674 690 735 vid
699 675 728 733 it
743 672 843 735 hostili
858 691 950 752 grege

292 777 413 839 compos
427 759 537 840 repleri
553 761 660 838 patrio,
678 758 827 838 fulgentes
842 759 946 836 procui

290 846 381 907 ermis
395 854 530 906 cateruas
544 844 650 905 uidit
682 845 815 921 equitatu
830 842 890 904 leui
1226 861 1250 910 tit

290 930 411 992 cadmeo
427 929 522 1007 frangi
536 936 621 1007 proto
636 935 666 989 et
680 927 815 989 excelsos
829 929 905 988 rotis

291 1012 416 1076 uolitare
431 1031 581 1094 proceres,
599 1015 667 1092 igne
680 1013 842 1092 ilogroutes
857 1011 958 1074 trebes
1205 1027 1235 1078 its

291 1099 414 1168 tumore,
431 1099 523 1158 cineri
538 1116 614 1176 quoe
627 1104 733 1177 petunt
748 1105 865 1157 nostres
881 1096 987 1157 domos

290 1184 455 1262 fratresque
469 1217 512 1230 -
526 1181 640 1243 focinus
654 1182 735 1262 quod
751 1201 863 1243 nouum
878 1191 908 1242 et
923 1180 1064 1243 Thebis
1080 1181 1131 1242 ruit
1143 1215 1178 1226 —

291 1271 321 1328 iu
336 1286 368 1328 se
383 1273 519 1328 ruentes:
1227 1287 1236 1329 ⁵

554 1350 647 1412 Totus
661 1351 720 1412 hoo
736 1353 891 1426 exercitus,

290 1438 347 1498 hoo
361 1434 491 1516 populus
507 1433 657 1515 utrimque
671 1441 778 1506 omnis,
796 1437 853 1496 hoo
868 1436 965 1496 uidit
979 1453 1076 1507 soror,

289 1522 483 1600 genetrixque
497 1520 606 1589 uidit,
623 1539 691 1581 nom
708 1529 793 1600 pater
808 1521 897 1581 debet
912 1520 968 1581 sibi
1207 1535 1237 1583 rto
1257 1524 1261 1595 i

290 1607 368 1686 quod
384 1608 438 1666 iste
455 1623 514 1665 uon
530 1608 685 1684 spectauit.
716 1614 856 1666 ooourrat
870 1605 924 1666 tibi

290 1709 369 1752 nuno
384 1689 524 1769 Oedipus,
541 1709 600 1770 quo
614 1691 713 1750 iudice
730 1692 842 1751 erroris
857 1707 976 1769 quoque

289 1793 403 1854 poenae
417 1783 568 1854 petuntur.
599 1793 638 1834 ne
652 1792 762 1852 precor
777 1776 859 1836 ierro
875 1793 947 1838 eruo

288 1862 413 1939 patriam
430 1878 464 1920 oo
479 1868 602 1938 penates
618 1877 709 1929 neue,
727 1878 801 1938 quos
817 1877 923 1938 regere
938 1861 1052 1939 expetis

290 1951 393 2005 euerte
408 1943 563 2005 Thebas.

291 2069 295 2076 -
619 2029 691 2100 Quis
708 2036 787 2090 tenet
801 2027 1052 2110 merrtem-furori

289 2112 417 2191 petendo
432 2114 559 2192 petriam
576 2113 694 2193 perdis?
716 2121 749 2174 ut
764 2114 814 2175 fiet
829 2121 887 2184 tuo,

289 2200 336 2260 uis
351 2215 416 2259 esse
432 2197 561 2258 nullom?
584 2200 656 2278 quin
670 2207 740 2261 tuoe
755 2217 862 2260 causae
878 2206 968 2260 nocet

288 2286 385 2361 ipsum
401 2283 459 2344 hoc
474 2282 553 2362 quod
569 2285 660 2345 ermis
674 2286 738 2344 uris
753 2284 868 2345 infestis
883 2282 979 2344 solum

288 2375 462 2448 segetesque
477 2367 592 2429 adultos
607 2370 716 2429 sternis
731 2380 762 2429 et
776 2376 855 2429 totos
871 2368 972 2447 iugem

289 2453 351 2514 edis
366 2471 421 2532 per
436 2470 539 2530 agros:
562 2470 649 2513 nemo
664 2455 708 2514 sio
724 2461 819 2514 uastat
833 2470 895 2514 suo.

266 2555 280 2605 f
331 2536 412 2608 Quae
429 2538 539 2617 corripi
554 2539 622 2616 igne
637 2556 713 2617 quoe
729 2540 800 2599 meti
816 2537 912 2617 gladio
929 2536 1012 2599 iubes

289 2621 382 2684 aliena
399 2621 518 2684 eredis?
538 2641 592 2683 rex
608 2624 647 2683 sit
663 2642 679 2683 e
695 2623 781 2686 uobis
796 2631 864 2683 uter
1144 2677 1146 2689 .

287 2717 425 2769 manente
439 2725 533 2786 regno
549 2709 692 2788 quaerite.
724 2708 798 2769 liaeo
814 2708 879 2769 telis
895 2716 978 2787 petes
1116 2721 1173 2771 Qut·
1188 2717 1208 2756 Vl
1231 2716 1267 2785 stt

287 2792 471 2873 flammisque
490 2794 584 2854 teoto?
601 2796 712 2870 poteris
728 2792 781 2854 lios
795 2794 968 2871 Amphionis
1119 2807 1140 2849 r.
1153 2786 1267 2870 xxxxuuj

288 2896 427 2956 quassare
443 2877 555 2939 moles?
576 2877 656 2938 uuile
672 2894 748 2958 quae
763 2880 871 2940 struxit
885 2896 999 2949 monus,
1141 2908 1150 2927 ·
1206 2890 1242 2938 115
1266 2878 1267 2933 ζ

357 3115 405 3163 196
423 3119 532 3180 petunt
549 3117 581 3167 ei.
601 3116 676 3165 NHe.
707 3112 718 3181 ΙΙ
749 3118 796 3167 189
816 3120 844 3167 et
861 3115 978 3181 populus
997 3118 1084 3167 omnis
1102 3118 1192 3166 utrem·

288 3195 341 3245 que
358 3180 410 3231 hoe
427 3182 497 3233 uidit
515 3198 591 3233 soror
607 3183 633 3232 E
658 3180 724 3247 (hoo
742 3200 806 3249 pop.
826 3184 913 3234 omnis
931 3183 1067 3249 utrimque
1085 3190 1103 3233 t.
1116 3178 1192 3235 Nus..

287 3247 339 3297 hoe
360 3249 496 3316 utrimque
518 3266 581 3316 pop.
601 3252 698 3307 omnis,
712 3258 730 3300 t.
752 3252 841 3313 Grou.)
873 3256 902 3301 et
924 3252 1041 3317 populus
1064 3251 1148 3303 omnis
1169 3252 1193 3296 ot

287 3318 403 3380 utreque
420 3317 473 3369 hoo
491 3335 518 3368 11.
532 3334 555 3369 e.
569 3319 594 3368 Α
613 3319 666 3369 hoo
683 3333 747 3384 pop.
760 3321 896 3383 utrimque
915 3320 1004 3369 omnis
1016 3319 1163 3372 Luiiueller.
1173 3310 1184 3378 Η

290 3384 339 3432 199
355 3383 417 3433 uidi
435 3388 466 3435 ei.
480 3386 555 3440 Μὶν.
578 3383 590 3452 ΙΙ
614 3387 660 3437 191
680 3396 765 3451 om
787 3384 800 3453 fl
823 3389 871 3438 196
889 3387 1008 3452 petendo
1025 3387 1142 3451 petrium
1158 3382 1192 3433 Αε

290 3446 335 3511 (cf.
359 3451 418 3502 iro.
438 3457 496 3507 208.
528 3454 1098 3509 1111911.1963Ιηαεη,εα1.ΙΙΙ.232.
1129 3451 1192 3502 Ouid.

287 3516 342 3571 her.
372 3519 422 3572 IX.
451 3521 515 3587 126)
542 3518 561 3641 pi
597 3524 645 3573 198
672 3524 775 3573 uestris
802 3527 843 3573 oet
872 3523 976 3573 uostris
1003 3532 1028 3587 ψ
1070 3522 1154 3572 u'ertis
1177 3532 1193 3565 u

287 3585 387 3701 3ng
408 3586 429 3725 {P
457 3594 506 3643 199
523 3607 541 3643 a
560 3595 637 3641 ustos
655 3592 679 3641 Α
704 3591 814 3641 aduitus
832 3590 856 3638 E
879 3586 892 3656 Η
919 3592 970 3641 205
988 3604 1058 3655 quas
1075 3606 1097 3641 or
1125 3600 1194 3652 quae

339 3670 381 3717 pot
