2750 4250
184 412 193 444 b
529 391 531 410 .
553 355 707 406 OCTAVIA

174 500 257 557 uince
273 504 301 557 et
316 494 455 556 uolucres
470 495 664 557 Pandionias:

173 583 290 659 grauior
305 599 434 661 namque
449 581 494 641 his
510 581 626 642 fortuna
643 589 693 643 tua
711 592 764 644 est.
786 607 791 613 ⁴

215 752 337 830 Semper
352 751 478 830 genitrix
495 749 631 812 deflenda
647 751 720 815 mihi

173 838 264 914 prima
279 853 415 896 meorum
431 854 518 897 eausa
535 835 680 900 malorum

171 923 269 982 tristes
284 929 406 1000 questus
420 929 507 982 natue
523 922 643 991 exaudi,

172 1008 195 1066 si
210 1008 276 1086 quis
290 1014 426 1068 remanet
440 1024 545 1068 sensus
560 1008 590 1068 in
607 1005 732 1070 umbris.

211 1178 327 1239 Vtinam
343 1185 410 1237 ante
426 1194 514 1237 manu
531 1177 700 1255 grandaeua
716 1195 767 1240 sua

171 1281 233 1323 inea
250 1264 379 1341 rupisset
394 1263 518 1323 stamina
535 1261 654 1333 Clotho,

171 1357 218 1408 tua
235 1366 323 1428 quam
341 1365 477 1409 maerens
492 1347 616 1409 uulnera
633 1348 694 1409 nidi

171 1451 282 1512 oraque
298 1431 386 1494 idedu
402 1451 504 1513 sparsa
521 1451 638 1495 eruore.

211 1601 235 1663 0
251 1601 301 1662 iux
318 1618 437 1681 semper
452 1604 568 1665 funesta
583 1603 671 1674 mihi,

170 1695 303 1766 tempore
319 1686 356 1747 ab
373 1685 423 1746 illo

171 1791 225 1833 uox
242 1791 275 1834 es
289 1771 422 1834 tenebris
438 1773 532 1833 inuisa
548 1775 651 1852 magis.

169 1855 288 1918 tulimus
303 1875 409 1918 saeuae
423 1857 503 1918 iussa
520 1875 667 1920 nouercae

170 1941 305 2004 hostilem
322 1943 452 2004 animuin
468 1942 628 2022 uultusque
643 1951 754 2006 truces.

208 2110 260 2175 itta
275 2111 326 2173 itta
342 2113 415 2174 meis
430 2113 522 2175 tristis
539 2113 643 2194 Erinys

171 2197 303 2260 thalamis
318 2199 429 2279 stygios
445 2200 584 2276 praetulit
598 2201 684 2277 ignes

170 2293 256 2363 teque
273 2284 399 2345 extinxit
414 2285 580 2347 miserande
596 2294 704 2364 pater

172 2368 255 2429 niodo
272 2370 320 2430 cui
336 2375 416 2431 totus
431 2371 529 2448 paruit
544 2370 625 2431 orbis

172 2452 244 2514 ultra
260 2472 406 2517 oceanum

173 2541 273 2619 cuique
290 2540 425 2601 Britanni
440 2545 523 2617 terga
539 2540 648 2603 dedere

173 2622 293 2685 ducibus
308 2626 417 2685 nostris
433 2633 500 2685 aute
516 2627 609 2702 ignoti

174 2708 299 2789 iurisque
314 2711 369 2771 sui.

211 2880 349 2956 Coniugis
365 2878 423 2939 heu
439 2896 488 2939 me
503 2889 610 2960 peter
625 2881 739 2945 insidiis

175 2979 310 3041 oppresse
325 2964 403 3025 iaces

176 3143 370 3153 ψ.

235 3254 250 3303 8
270 3258 299 3305 et
316 3268 364 3305 mn.
381 3254 407 3303 V
416 3254 478 3305 312
490 3250 529 3321 119
547 3268 665 3319 namque
683 3255 728 3306 his
746 3257 860 3322 grauior
877 3259 1038 3308 eonieeermn
1056 3258 1088 3307 de

178 3317 229 3370 den.
246 3328 315 3387 trop.
335 3327 401 3373 uacet.
417 3338 445 3385 p.
460 3324 484 3381 4,
501 3324 550 3373 aed
567 3338 645 3373 eausa
662 3326 850 3388 trmnpunendi
865 3327 963 3375 tollitur
981 3326 1089 3375 dimetro

177 3392 311 3441 constitute.
325 3386 337 3455 Ιὶ
352 3394 402 3439 tus
421 3394 465 3439 est
482 3391 507 3441 Α
527 3395 570 3442 est
587 3406 635 3443 ont.
652 3392 717 3443 Rrs
728 3388 741 3458 tl
758 3395 790 3444 10
808 3406 973 3459 semperque
991 3392 1012 3443 0
1028 3390 1040 3459 {t
1057 3395 1089 3443 12

178 3459 234 3507 nate
246 3462 360 3523 questus
371 3458 435 3509 lats
448 3454 460 3524 ΙΙ
472 3460 504 3509 13
517 3466 643 3511 remanet
655 3460 676 3511 0
686 3462 712 3511 in
724 3476 772 3525 mp.
783 3475 917 3525 suprascr.
930 3463 960 3511 in
971 3458 983 3528 ΙΙ
997 3462 1028 3510 16
1040 3465 1089 3510 tue

180 3534 252 3583 quum
268 3527 293 3576 A
306 3526 371 3579 R13
393 3530 495 3591 tueque
517 3529 545 3579 V
564 3524 576 3594 lt
599 3530 633 3579 20
649 3528 697 3581 lux
715 3535 758 3579 est
776 3530 801 3579 A
812 3531 876 3581 naa
894 3544 949 3579 nox
967 3534 1010 3580 est
1027 3529 1089 3579 1312

182 3589 267 3647 Wtrat.
285 3608 339 3646 nox
352 3609 382 3645 es
394 3594 444 3645 Bo.
462 3592 474 3662 lt
490 3596 582 3646 inuisa
595 3598 678 3647 meis
696 3599 729 3651 ei.
747 3596 885 3651 Swoboda.
905 3594 917 3663 ΙΙ
937 3600 971 3649 25
988 3599 1089 3661 Meque

181 3656 301 3727 R13ss28
319 3661 469 3713 dederunt
487 3662 596 3715 BSelmt.
616 3666 665 3715 sed
680 3666 716 3729 ef.
733 3682 758 3718 u.
772 3668 821 3718 791
842 3662 854 3732 ΙΙ
1004 3672 1009 3679 “
