2750 4250
191 337 243 385 x11
564 331 764 380 PRAEFATIO

194 498 268 571 gium
286 502 358 550 estat
374 501 401 549 et
417 495 561 567 quominus
578 492 702 548 ultimum
718 490 810 546 locrrm
826 507 883 547 eam
899 507 950 564 per
968 489 1139 564 aliquantum

193 589 302 655 tempus
319 579 470 635 obtinuisse
482 587 609 652 putemus
621 575 769 650 prohibent
780 575 875 630 damna
891 577 1062 649 grauissima,
1078 579 1141 649 qui·

194 667 245 722 bus
260 664 389 721 Hercules
405 679 430 719 11
445 679 510 736 prae
526 663 625 718 ceteris
642 659 741 717 iabulis
757 659 850 716 abacta
867 669 917 716 est.

257 749 310 804 lam
322 765 390 805 uero
405 748 443 803 de
455 747 623 803 Octauiae
639 748 691 802 ori
700 742 779 820 gine
795 746 981 820 quaestionem
993 746 1140 801 instituen-

195 834 266 891 tibus
282 835 400 908 primum
416 831 562 888 refellenda
577 840 619 888 est
633 849 713 906 quarn
728 848 817 906 nuper
830 831 947 905 protulit
963 830 1140 886 WBrauuius

194 919 254 990 (die
277 918 420 992 tragoedie
435 916 541 973 Octavia
563 917 617 973 und
639 909 682 973 die
704 917 758 972 zeit
778 917 854 972 ibrer
872 916 1049 988 entstebung.
1079 913 1140 970 lliel

196 1003 288 1075 1863)
310 1004 412 1077 opinio.
459 1001 509 1070 Qui
532 1018 592 1058 cum
613 1000 732 1075 probare
752 1001 876 1056 studeret
897 1000 1035 1074 Octauiam
1057 999 1139 1054 medii

195 1087 268 1161 quod
283 1096 398 1144 uocatur
413 1089 472 1144 aeui
484 1087 569 1143 letum
585 1101 653 1151 esse,
671 1088 833 1160 grauissima
845 1084 945 1159 quibus
959 1087 1019 1141 eius
1029 1093 1141 1159 tragoe-

176 1172 360 1236 'diaetcxtus
376 1172 493 1228 inlectus
509 1179 550 1228 est
565 1172 656 1228 ulcera
673 1171 811 1245 quomodo
827 1172 898 1226 intra
915 1171 996 1225 unius
1011 1169 1055 1226 uel
1071 1169 1141 1224 duo·

194 1273 254 1315 rum
267 1256 438 1314 saeculorum
452 1259 571 1331 spatium
587 1258 652 1312 oriri
665 1258 806 1330 potuerint
821 1257 1009 1311 demonstrare
1023 1270 1140 1327 prorsus

155 1388 157 1403 t
195 1342 349 1416 supersedit
365 1341 411 1412 (ci.
423 1342 493 1398 inira
506 1359 596 1416 p.xx1
611 1350 638 1398 ct
649 1341 815 1399 Fleckeiseni
828 1359 889 1396 aun.
902 1339 967 1414 pbil.
983 1338 1064 1396 1867
1077 1340 1141 1394 ‘zur

195 1427 271 1501 iunge
286 1427 371 1483 ueber
385 1428 435 1482 den
452 1444 593 1503 ursprung
608 1427 655 1482 der
668 1427 810 1499 tragoedis
826 1423 968 1496 Octavia’).
991 1424 1076 1479 Porro
1092 1439 1141 1478 na·

195 1527 247 1586 que
263 1519 324 1568 ante
337 1511 467 1568 dibertini
480 1512 601 1572 Musseti,
618 1513 664 1585 qui
681 1525 914 1567 a.nscccxxv1111
928 1509 974 1566 uel
982 1527 1052 1564 -xxx
1066 1526 1140 1564 mor·

195 1606 249 1653 tem
273 1597 356 1660 obiit,
379 1604 492 1653 aetatem
509 1598 652 1671 quisquam
676 1603 735 1651 erat
751 1597 798 1669 qui
820 1589 969 1650 scribendis
989 1593 1142 1666 tragoediis

196 1697 306 1756 operam
321 1679 525 1755 inpenderet*),
542 1680 712 1736 etllussatus
724 1682 783 1754 ipse
795 1696 875 1752 quem
887 1696 948 1735 cum
956 1677 1142 1734 Nicolao'l're·

194 1766 277 1822 uetbo
300 1763 582 1836 (†a.ntcccxxv111)
604 1765 692 1820 studia
715 1764 811 1838 tragici
827 1766 1007 1821 resuscitasse
1022 1771 1141 1826 constat,

194 1850 335 1906 Octauiam
348 1850 399 1904 bau
412 1849 493 1905 dubie
505 1850 592 1905 nouit.
618 1849 657 1904 dd
670 1851 762 1923 priora
779 1849 865 1920 igitur
880 1848 987 1905 saecula
1000 1848 1096 1905 reiecti
1113 1857 1142 1904 et

194 1936 328 2008 temporis
345 1933 442 1989 indicia
458 1933 711 2007 circumspicientes
726 1935 892 1991 Boetiana
914 1934 1039 1990 uidemus
1054 1942 1143 1989 metra

195 2022 222 2075 in
237 2019 331 2074 multis
348 2018 446 2074 similia
462 2035 522 2075 esse
538 2023 691 2094 anapaestis
706 2021 842 2077 Octauiae.
878 2017 1027 2075 Subtiliore
1049 2026 1141 2074 autem

196 2103 392 2178 conparatione
408 2105 547 2167 instituta,
563 2105 644 2160 buius
660 2103 767 2163 fabulae
783 2112 957 2179 anapaestos,
978 2120 1142 2179 quamquam

195 2207 255 2246 cum
267 2190 354 2245 multo
366 2190 469 2246 maiore
484 2190 592 2246 licentia
608 2192 745 2267 conpositi
757 2200 822 2246 sunt
835 2208 914 2263 quam
930 2191 1069 2263 anapaesti
1085 2205 1141 2244 uon

195 2274 282 2331 solum
299 2273 416 2331 Senecae
431 2275 634 2347 tragoediarum
650 2276 696 2331 sed
712 2278 792 2332 etiam
804 2276 1017 2348 Agamemnonis
1032 2283 1060 2329 et
1074 2274 1144 2329 ller-

195 2358 265 2416 cnlis
282 2359 393 2415 alterius
410 2359 454 2431 (ci.
472 2359 504 2415 de
516 2359 577 2415 Sen.
596 2368 665 2433 trag.
682 2369 754 2416 auct.
770 2378 799 2434 p.
812 2359 851 2432 5).
868 2357 957 2415 tamen
973 2359 1141 2414 seueriorem

194 2460 315 2500 normam
332 2452 463 2500 secuntur
472 2445 618 2501 Bnetianis.
639 2446 706 2501 Nam
721 2454 752 2501 ut
764 2445 875 2500 boetius
888 2444 1065 2499 dimetrorum
1077 2460 1142 2499 ana·

193 2528 377 2603 paesticorum
390 2537 498 2602 partem
509 2532 690 2603 posteriorem
706 2531 803 2586 adonio
819 2528 887 2584 ellici
904 2529 985 2583 iussit
997 2530 1024 2583 iu
1038 2527 1142 2584 duabus

195 2614 314 2669 omnium
331 2629 461 2669 uersuum
477 2615 601 2688 partibus
618 2608 695 2692 (²l3),
711 2613 838 2671 Octauiae
854 2622 963 2675 auctor,
981 2629 1016 2669 ne
1030 2612 1141 2669 modum

195 2698 347 2754 inSeneeae
363 2697 512 2771 tragoediis
529 2708 667 2755 seruatum
684 2701 821 2760 transiret,
837 2699 935 2755 adonio
951 2700 978 2753 in
991 2699 1071 2754 tertia
1085 2706 1143 2753 tan·

195 2792 251 2838 tum
268 2788 479 2856 anapaestorum
492 2791 569 2857 parte
582 2776 644 2861 (Ἃ)
660 2784 751 2840 locum
763 2784 908 2840 concessit.
936 2783 997 2838 Pari
1009 2783 1142 2839 modestia

193 2868 344 2924 Ausonium
366 2868 452 2926 fuisse
474 2866 558 2941 (proi.
573 2868 617 2941 vr)
637 2885 692 2924 nou
714 2868 810 2923 inutile
832 2876 874 2923 est
888 2869 941 2924 hoc
956 2868 1018 2925 loco
1034 2884 1143 2924 conme-

194 2970 310 3009 morare.
348 2952 422 3021 Quae
443 2970 503 3010 cum
525 2954 561 3009 ita
584 2954 653 3015 sint,
680 2952 773 3027 aliquo
795 2960 874 3008 aute
894 2953 1052 3009 Boetium
1075 2961 1143 3008 tem·

195 3053 263 3112 pore
275 3036 411 3093 Octauiam
428 3041 599 3112 conpositam
616 3055 675 3094 esse
688 3036 831 3112 probabile
845 3034 1019 3110 uidetur**).
1047 3036 1142 3111 Neque

263 3166 287 3231 *)
303 3170 339 3219 cf.
351 3169 494 3219 Mebusius
507 3171 574 3220 Vita
587 3170 679 3221 Ambr.
694 3170 858 3221 Traversari
869 3186 896 3235 p.
910 3168 1045 3222 CLXXII.
1068 3168 1142 3219 Edd-

193 3234 304 3287 ldetand
327 3236 362 3285 du
377 3235 459 3286 Mdril
478 3237 606 3303 Origines
633 3238 668 3288 du
690 3236 800 3287 ibdaire
821 3238 950 3288 moderne
973 3254 998 3301 p.
1018 3239 1048 3286 11
1071 3253 1098 3286 n.
1116 3241 1140 3287 3.

195 3304 225 3355 Ο.
241 3304 272 3354 G.
286 3302 405 3353 Mueller
424 3303 497 3354 Geta
512 3306 654 3357 comoedia
671 3322 697 3373 p.
712 3308 737 3356 9.
761 3307 808 3355 Fr.
822 3306 923 3355 Haasii
935 3304 1050 3355 Miscell.
1063 3304 1141 3371 phili.

193 3373 236 3423 111
249 3388 276 3438 p.
290 3373 330 3421 29.
389 3370 433 3435 **)
445 3372 505 3422 Non
520 3373 618 3423 denunt
632 3374 705 3439 apud
718 3374 843 3424 Boetium
855 3373 911 3423 loci
922 3374 968 3424 ubi
983 3388 1043 3422 cnm
1057 3372 1142 3422 Octa-

193 3442 259 3490 uiae
274 3439 299 3489 ei
310 3441 468 3506 conueniat,
482 3456 550 3504 quos
560 3446 654 3491 tamen
669 3456 702 3491 ex
711 3441 765 3491 bac
775 3441 873 3491 fabula
886 3456 947 3490 eum
957 3440 1142 3505 desumpsisse

194 3509 229 3559 ad
242 3507 470 3574 probabilitatem
483 3523 536 3558 non
549 3513 642 3573 potest
655 3510 765 3562 adduci.
785 3506 827 3559 cf.
839 3508 901 3563 Oct.
916 3510 1031 3562 1:130.
1041 3508 1103 3559 112.
1116 3511 1141 3559 4.
1159 3552 1164 3564 ,

194 3574 469 3626 onae=B.1vo3
488 3576 653 3636 (Maenali.
672 3577 992 3628 0959s.=13117.1.
1011 3575 1144 3627 0⁷54:

193 3644 216 3692 B
229 3644 254 3694 V
265 3646 290 3696 4.
305 3645 337 3694 35
352 3643 479 3707 (Quintil.
491 3642 565 3710 xt22.
578 3644 614 3711 3).
627 3645 651 3695 Ο
664 3647 714 3697 819
725 3664 760 3690 =
771 3645 793 3693 Β
806 3645 845 3695 IV
858 3647 883 3696 8.
897 3644 919 3693 Ο
932 3645 1010 3693 227³.
1022 3662 1057 3687 =
1069 3643 1091 3693 B
1103 3642 1144 3695 IV
