2750 4250
286 333 352 398 434
677 345 820 394 tractatam

254 489 280 548 n'
419 487 456 548 Si
473 505 541 566 qua
557 485 612 548 sub
628 485 725 548 Lerna
741 503 900 548 numerosa
914 489 1005 565 pestis

375 581 497 653 sparget
511 572 540 634 in
556 580 675 634 centum
691 572 806 634 rabiem
821 572 983 642 dracones,

372 658 521 719 Arcadum
537 659 568 718 si
582 677 629 737 qu
640 659 670 719 is
684 657 801 737 populis
816 664 947 719 uetustas

374 743 482 806 iecerit
496 741 584 804 siloas
601 761 672 824 aper
686 743 844 823 inquietas.

420 895 492 966 Quis
508 895 589 956 dabit
604 913 708 974 pacem
724 893 836 974 popolo
852 895 982 963 timenti,

375 984 406 1042 si
423 999 467 1060 qo
477 981 509 1041 id
524 981 592 1043 irati
607 982 710 1060 superi
724 998 779 1058 per
794 978 884 1042 urbes

376 1068 516 1128 iusserint
530 1065 632 1126 nasci?
654 1066 730 1126 iacet
745 1063 883 1125 omnibus
898 1081 951 1142 par

375 1170 463 1232 quem
481 1168 582 1231 parent
598 1147 686 1211 telios
702 1151 805 1228 genuit
820 1151 941 1210 tonanti.

418 1303 557 1365 Planctus
572 1304 722 1364 inmensas
736 1310 856 1364 resonet
870 1319 923 1379 per
938 1302 1031 1364 urbes

376 1397 406 1450 et
420 1407 520 1450 comas
535 1386 616 1449 nollo
632 1387 790 1448 cohibente
806 1387 884 1446 nodo
988 1406 991 1410 ·

375 1475 503 1535 feminae
518 1481 635 1534 exertos
652 1472 761 1534 feriant
778 1472 905 1534 lacertos

374 1558 496 1637 solaque
512 1558 649 1619 obductis
665 1557 781 1619 foribus
795 1557 919 1619 deorum

375 1644 484 1723 templa
500 1661 622 1704 securae
637 1650 761 1723 pateant
775 1660 932 1704 nouercae.

418 1797 505 1857 Vadis
520 1795 556 1856 ad
573 1796 686 1856 Lethon
703 1797 888 1875 stygiumqoe
903 1794 972 1855 litus

374 1882 452 1943 unde
467 1889 501 1942 te
517 1879 615 1942 nullae
632 1880 805 1942 referent
820 1882 987 1949 carinae,

374 1968 456 2028 nadis
471 1966 507 2027 ad
523 1983 626 2026 manes
642 1965 828 2027 miserandus
843 1966 922 2026 nnde

374 2059 471 2114 morte
486 2051 603 2112 deuicta
618 2050 731 2111 tuleras
746 2050 950 2130 triumphum?

420 2204 551 2266 Vmbra
567 2205 686 2265 nudatis
702 2205 803 2265 nonies
820 2203 939 2265 lacertis

373 2289 511 2369 languido
528 2289 611 2351 uultn
629 2290 770 2366 tenuique
785 2288 877 2360 collo,

374 2385 473 2455 teque
489 2394 548 2435 non
564 2373 659 2435 solum
676 2375 776 2435 ieret
790 2373 839 2436 itta
855 2377 991 2454 puppis

252 2626 270 2675 b
416 2612 481 2674 Non
498 2622 596 2675 tamen
612 2612 680 2673 uilis
696 2614 755 2673 eris
770 2614 846 2673 inter
862 2611 1013 2673 umbras

371 2700 548 2778 Aeaconqne
564 2700 641 2758 inter
656 2697 850 2776 geminosque
866 2697 968 2760 Cretas

375 2784 451 2845 iacta
467 2784 640 2845 discernens
656 2783 768 2843 feriens
783 2790 932 2861 tyrannos.

287 2996 437 3004 ——.—-
460 2999 489 3003 ,-

358 3058 425 3109 1638
442 3056 522 3107 lerna
534 3055 559 3105 Ε
572 3059 649 3105 terra
661 3055 687 3105 A
703 3050 715 3120 ΙΙ
732 3056 798 3106 1639
809 3055 952 3105 incentum
964 3054 991 3103 Ε
1002 3054 1143 3105 intentam
1157 3057 1183 3106 A
1197 3058 1209 3118 ss

288 3118 423 3177 dracones
442 3124 467 3174 Ε
484 3124 613 3175 draconis
632 3124 658 3173 A
678 3118 691 3187 ΙΙ
712 3124 778 3175 1640
794 3122 906 3188 populis
923 3127 1052 3173 uetustas
1070 3123 1096 3172 Ε
1117 3127 1210 3185 (netu-

288 3188 340 3238 atia
361 3191 420 3245 Et.
441 3191 532 3256 Gran.)
557 3192 653 3257 populi
670 3192 777 3242 uetusti
794 3192 820 3241 A
848 3186 861 3257 ΙΙ
891 3191 957 3242 1649
982 3191 1133 3241 immonras
1158 3194 1209 3243 εΑ

287 3253 436 3311 immensus
455 3261 477 3311 (ἲ
494 3262 620 3311 intensas
638 3259 717 3324 Εριιί.
736 3261 861 3309 intonans
878 3269 903 3320 ψ
921 3255 1019 3325 (139)ss
1033 3261 1098 3310 1661
1115 3260 1209 3310 Femi-

286 3332 341 3371 nae
365 3341 389 3377 a.
408 3328 512 3378 feriant
529 3328 554 3377 Ε
583 3329 703 3378 Femina
721 3344 744 3381 a.
765 3327 850 3378 feriat
867 3329 894 3377 A
916 3323 928 3393 ΙΙ
952 3328 1018 3378 1668
1041 3328 1162 3378 ueniens
1184 3328 1209 3376 Ε

286 3391 382 3467 uenies
400 3397 426 3445 A
437 3392 450 3463 ss
462 3398 527 3447 tana
545 3396 677 3461 tenuique
696 3396 722 3446 Ε
739 3395 905 3461 trepidoque
921 3395 948 3445 A
958 3391 972 3462 ss
984 3397 1050 3447 1660
1065 3401 1125 3460 port
1144 3397 1171 3447 6.
1184 3414 1207 3444 ιι.

285 3465 359 3508 tenena
371 3478 395 3511 a.
409 3466 524 3514 lacunam
536 3478 593 3516 erae
603 3466 690 3515 arctari.
704 3461 717 3531 ΙΙ
733 3465 803 3515 1662
819 3466 984 3528 Aeaoooque
993 3464 1019 3513 Ε
1027 3473 1052 3527 ’φ
1069 3466 1209 3514 Aeacum-

286 3531 339 3579 que
350 3530 375 3578 A
385 3531 503 3581 Aeacon
511 3544 562 3596 qne
574 3532 652 3585 Gron.
665 3530 678 3600 Ι]
692 3534 757 3584 1663
766 3533 845 3583 facta
854 3532 909 3597 Εψ
921 3532 984 3582 iata
994 3532 1036 3580 dE
1041 3531 1066 3582 A
1077 3527 1089 3596 ΙΙ
1101 3531 1206 3581 diacor-

284 3596 355 3642 ”0118
366 3598 457 3649 EMJA
468 3600 610 3649 discernes
620 3597 659 3666 ψΙ
684 3602 788 3652 feriens
798 3601 823 3650 Ε
835 3600 921 3651 feries
929 3600 971 3650 M)
982 3599 1068 3663 ferior
1080 3598 1141 3649 fieri
1150 3600 1178 3648 A
1192 3601 1205 3661 Η

284 3650 418 3715 tyrannos
428 3666 494 3714 EdE
503 3669 613 3727 tyranni
623 3669 649 3718 A
669 3666 674 3733 Ι
690 3671 789 3719 occcidit
800 3672 899 3719 ultam
909 3668 1059 3732 atropdaeb
1071 3681 1171 3717 nermo.
1182 3663 1195 3732 ΙΙ
