2750 4250
257 353 334 402 XXX
633 350 834 400 PRAEFATIO
1085 310 1101 342 l

261 506 472 584 697-736*).
508 511 564 568 lam
576 511 735 568 fasciculum
751 509 828 567 illum
842 513 922 569 cuius
943 520 1056 586 quartae
1071 513 1209 570 membra·

259 615 310 654 nee
324 596 391 653 bled.
400 595 567 654 198-274
583 595 769 660 continebant,
783 595 866 653 huius
881 596 989 653 labulae
1003 598 1207 656 unat-393

259 682 422 756 conplexum
443 698 504 738 esse
525 681 605 738 lacile
624 689 820 756 conputamus,
850 683 952 757 quippe
972 684 1086 740 uicenos
1106 699 1208 740 uersus

259 767 383 841 singulas
394 766 508 841 paginas
520 767 628 829 babere.
644 767 671 822 in
688 783 867 842 personarum
877 767 1075 824 mutationibus
1085 768 1167 824 binos
1176 770 1205 823 iu

259 852 378 908 exordiis
398 868 557 909 scaenarum
579 851 704 926 singulos
724 854 856 927 inpensus
878 868 940 910 esse
962 869 1062 910 uersus
1081 853 1207 910 llitscbe·

258 935 312 993 lius
328 945 455 994 testetur.
485 938 558 995 llaec
573 939 661 1015 igitur
674 937 734 994 eius
748 937 871 996 fasciculi
887 946 947 995 erat
963 938 1083 1014 species:

493 1055 551 1113 liol.
638 1056 667 1112 1.
691 1056 758 1112 bled.
782 1056 929 1115 87-126

658 1183 663 1196 .
760 1141 929 1199 tat-165

656 1265 664 1280 .
760 1226 928 1284 166-195

656 1353 662 1367 .
759 1310 950 1368 196-234

656 1438 663 1451 .
759 1393 950 1452 235-274

656 1523 662 1536 .
760 1477 921 1538 275-331

657 1609 663 1621 .
758 1563 926 1623 332-352

659 1693 665 1706 .
760 1649 927 1708 353-393

320 1785 445 1842 Proxima
462 1788 607 1860 quaternio
624 1785 782 1844 continebat
797 1786 865 1842 bled.
877 1785 1055 1849 394-696.
1070 1786 1089 1843 i.
1105 1803 1129 1843 e.
1142 1787 1207 1846 302
1295 1846 1297 1865 s

257 1886 356 1926 uersus
378 1872 405 1926 in
422 1869 485 1929 320
505 1871 584 1928 lineis
606 1879 638 1928 ut
653 1871 733 1929 hodie
755 1871 922 1946 adpellamus
941 1903 977 1913 —
995 1887 1110 1928 numero
1132 1873 1207 1929 euim
1295 1870 1297 1916 l

258 1954 319 2014 302
336 1955 417 2012 addas
433 1972 547 2013 necesse
564 1965 606 2014 est
623 1957 679 2020 18,
702 1974 762 2014 cum
780 1957 819 2014 15
841 1957 969 2015 uersibus
982 1965 1124 2032 personae
1144 1975 1206 2014 rnu-

258 2047 351 2099 tentur
366 2048 410 2098 ter
424 2057 538 2098 scaenae
551 2041 599 2099 liat
620 2042 760 2100 exordium
777 2072 826 2106 —,
848 2043 919 2099 uude
934 2050 1147 2101 consectaneum
1163 2050 1207 2098 est
1295 2110 1297 2115 Ι

257 2126 396 2202 singulum
410 2127 477 2183 illud
492 2127 588 2185 lolium
605 2129 634 2185 in
650 2146 704 2203 quo
720 2137 786 2185 sunt
797 2128 1041 2187 nectat-736
1057 2130 1206 2203 primum

256 2212 369 2269 luisse
392 2215 651 2287 quaternionis.
688 2212 802 2287 Reliqua
817 2231 880 2288 pars
896 2214 1004 2272 Medeae
1018 2214 1089 2270 hanc
1102 2230 1208 2270 nouam
1295 2242 1297 2292 ς

258 2299 466 2371 quaternionem
487 2299 662 2371 conpleuisse
682 2299 793 2355 uidetur
808 2300 929 2373 exceptis
950 2299 1054 2355 ultimis
1076 2298 1093 2356 7
1115 2300 1207 2354 uersi·
1295 2295 1297 2313 '

255 2382 316 2439 bus.
352 2382 456 2438 Etenim
477 2400 504 2438 u.
523 2382 711 2443 tat-1035
733 2393 851 2458 aequant
873 2384 935 2442 298
957 2400 1086 2440 uersuum
1109 2399 1207 2440 nnme-
1295 2405 1297 2417 ¹

256 2484 328 2529 rum,
344 2469 391 2541 qui
402 2467 494 2524 decem
507 2468 634 2526 uersibus
647 2470 789 2543 augendus
801 2475 843 2525 est
858 2499 894 2511 —
908 2477 951 2525 ter
962 2486 1059 2526 scaena
1070 2476 1206 2531 mutatur,
1295 2488 1297 2498 ·

256 2553 377 2626 septiens
398 2569 516 2626 persona
539 2556 566 2609 in
589 2554 711 2629 septenis
730 2554 858 2611 uersibus
882 2584 918 2594 -—
944 2556 982 2610 ita
1004 2561 1035 2609 ut
1056 2552 1117 2611 308
1139 2569 1206 2609 uer·

256 2653 335 2693 suum
351 2652 480 2693 numerus
496 2639 603 2695 euadat.
634 2639 681 2695 llis
698 2638 737 2694 21
754 2639 922 2701 detrahendi,
939 2638 979 2695 12
995 2637 1066 2694 enim
1081 2653 1206 2694 monem.

255 2738 332 2797 anap.
350 2729 377 2779 et
392 2722 434 2780 30
449 2722 511 2778 diur.
527 2722 607 2779 iamb.
624 2723 767 2798 probabile
783 2732 826 2780 est
838 2723 876 2779 21
894 2723 1021 2780 uersibus
1037 2721 1205 2794 (balineis)

255 2806 403 2881 discriptos
425 2806 576 2880 luisse**).
616 2809 712 2883 ltaque
735 2808 795 2867 287
811 2824 910 2865 uersus
930 2808 1110 2865 relincuntur.
1144 2806 1206 2862 Pri·

253 2992 409 3056 bltitterpar
425 2993 463 3042 ist
479 2992 528 3043 das
546 2990 583 3041 2ιε
601 2993 678 3041 eines
697 2990 843 3054 quaternio
860 3004 1002 3056 genesen,
1027 3004 1082 3041 von
1099 3004 1205 3039 aussen

253 3059 305 3111 her
319 3058 426 3126 [immor
440 3076 514 3123 „von
526 3060 611 3111 inuen
623 3054 702 3123 her“]
718 3057 852 3123 gezblt“)‚
870 3074 934 3110 nam
946 3071 1043 3109 uersus
1055 3058 1204 3109 439-619

253 3142 307 3177 uon
323 3131 456 3193 'poterant
473 3128 588 3193 perduc
602 3126 761 3177 continuari
777 3126 846 3176 folia
859 3126 1003 3177 sedunum
1021 3124 1205 3190 conplebant.

323 3196 350 3258 i‘)
372 3211 426 3245 nou
444 3197 578 3247 oet-747
597 3210 658 3263 curn
676 3193 804 3259 singulae
821 3194 940 3259 paginae
958 3193 1111 3245 Ritschelio
1128 3196 1204 3243 teste

253 3263 413 3314 nicenorum
434 3278 563 3314 uersuum
585 3276 640 3312 non
661 3265 808 3313 transeant
828 3277 980 3312 numerum.
1050 3260 1093 3321 ss)
1115 3261 1204 3312 Binos
1295 3313 1296 3316 ,

253 3346 350 3382 uersus
363 3331 507 3383 breuiores
520 3331 548 3380 iu
562 3330 684 3395 singulos
697 3331 841 3382 librarium
855 3334 997 3381 coartasse
1011 3344 1073 3379 eum
1090 3329 1204 3379 omnino

255 3399 291 3449 sit
308 3399 368 3450 ueri
386 3400 490 3464 simile,
514 3403 570 3447 tum
593 3406 763 3464 anapaestos
780 3398 889 3463 quidem
912 3398 1036 3448 dimetria
1053 3397 1204 3461 discriptos

255 3482 316 3519 esse
341 3472 459 3519 constat.
497 3466 577 3530 Quod
598 3466 653 3516 nisi
676 3468 777 3518 statuis
798 3466 874 3517 nullo
897 3470 981 3531 paeto
1002 3465 1110 3516 efficies
1127 3464 1201 3513 Med.

254 3551 280 3588 u.
295 3538 357 3601 697,
377 3538 424 3602 qui
441 3552 470 3587 re
487 3550 555 3585 uera
574 3539 618 3585 est
635 3536 738 3600 primus
752 3535 804 3585 foli
820 3549 933 3599 uersus,
951 3549 968 3583 a
984 3549 1056 3585 nouo
1074 3531 1141 3583 lolio
1160 3532 1202 3581 in·

255 3603 356 3669 cipere.
392 3607 533 3656 Dimetros
552 3608 644 3655 autem
661 3604 745 3655 iamb.
764 3602 920 3667 (ast-886)
939 3602 987 3667 qui
1003 3601 1129 3652 dimetria
1146 3614 1202 3649 nou

254 3676 425 3727 tetrametris
443 3673 590 3739 discriptos
609 3672 696 3723 luisse
713 3673 741 3722 in
759 3672 811 3723 boc
829 3671 926 3721 codice
944 3669 1051 3722 mauolt
1063 3671 1200 3731 statuere,
