2750 4250
403 361 407 368 ·
459 353 643 405 maerens
668 343 836 426 [sunaus]

383 496 489 558 Pastor
504 493 601 574 gelida
617 513 691 557 cana
705 498 813 575 pruina

342 599 433 660 grege
450 582 570 642 dimisso
586 581 696 660 pabula
712 585 818 661 carpit.

340 664 415 727 ludit
430 673 514 744 prato
530 665 606 727 liber
622 673 726 744 aperto

340 751 473 812 nondum
489 757 576 828 rupta
592 749 693 818 fronte
707 752 863 813 iuuencos.

339 853 452 897 uaouae
467 843 609 915 reparant
622 835 853 898 ubera'matres.

341 927 422 980 errat
439 937 528 980 eursu
545 918 621 981 leuis
636 922 751 982 incerto

340 1004 423 1066 molli
438 1004 576 1083 petulans
591 1004 706 1066 haedus
719 1007 753 1065 in
766 1005 861 1068 barba

381 1157 497 1220 Pendet
511 1175 627 1220 summo
644 1157 770 1226 stridula
784 1175 870 1220 ramo

337 1345 510 1408 pennasque
526 1345 605 1388 nouo
621 1327 741 1388 tradere
756 1327 813 1389 soli

339 1414 428 1491 gestit
443 1411 583 1492 querulos
596 1414 675 1473 inter
691 1412 777 1474 nidos
885 1477 890 1488 ,

338 1497 453 1557 thracia
468 1495 575 1576 paelex

338 1581 488 1660 turbaque
503 1583 584 1643 cirea
599 1581 724 1643 oonlusa
739 1591 825 1644 sonat

338 1684 495 1728 murmure
510 1667 603 1728 misto
619 1674 726 1728 testata
742 1667 829 1728 diem.

342 1747 500 1835 [carbaso]

382 1904 483 1966 Credit
498 1904 604 1965 dubius
618 1907 719 1966 nauita
735 1901 845 1985 [uitae]
861 1905 958 1966 uentis

340 1989 423 2050 laxos
439 2006 511 2049 aura
529 1987 695 2066 complente
710 1991 803 2051 sinus.

339 2073 388 2136 bie
405 2075 501 2135 exesis
515 2074 651 2154 pendens
667 2073 798 2154 seopulis

340 2168 391 2222 aut
406 2159 549 2239 deceptos
563 2160 682 2221 instruit
698 2160 804 2221 bamos

340 2253 390 2305 aut
404 2262 569 2323 suspensus

341 2336 456 2410 spectat
470 2348 574 2410 pressa
589 2330 722 2408 praemia
738 2329 849 2391 dextra.

302 2472 307 2481 .
341 2415 430 2475 sentit
444 2413 605 2476 tremulum
621 2414 699 2475 linea
714 2416 837 2493 piscem

382 2568 463 2628 liaeo
478 2569 625 2629 innocuae
641 2567 749 2648 quibus
766 2576 811 2629 est
825 2568 902 2628 uitae

339 2652 497 2730 tranquilla
513 2654 598 2733 quies

342 2746 371 2798 et
386 2736 462 2799 laeta
478 2755 533 2797 suo
548 2754 704 2816 paruoque
720 2736 835 2799 domus.

341 2820 461 2883 turbine
476 2839 585 2898 magno
600 2839 668 2900 spes
684 2823 810 2882 inmanis
827 2818 906 2906 [spes
920 2818 1081 2906 sollicitae]

340 2905 464 2967 urbibus
481 2915 583 2968 errant
598 2908 765 2986 trepidique
781 2915 884 2967 metus.

256 3068 314 3123 post
331 3078 354 3111 a.
374 3061 423 3110 146
441 3074 542 3109 uersum
560 3062 690 3109 excidisse
707 3062 806 3109 conieci
826 3056 838 3124 ΙΙ
867 3061 917 3110 150
935 3058 1011 3110 eirea
1027 3060 1108 3113 EVG

187 3128 289 3177 tritali
314 3130 415 3178 eiroum
428 3128 454 3177 A
478 3123 491 3194 ss
515 3129 564 3177 152
584 3128 632 3178 153
651 3126 778 3177 Carbasa
794 3128 886 3177 uentis
904 3143 928 3178 e.
942 3127 968 3177 d.
981 3144 1009 3180 n.
1027 3130 1108 3181 uitae

189 3211 212 3244 ω
231 3196 461 3260 interpretamentis
479 3197 519 3245 lais
542 3194 667 3245 Carbasa
686 3202 712 3245 et
737 3195 813 3245 uitae
833 3197 923 3246 deletis
950 3196 1042 3246 uentis
1059 3213 1108 3250 auo

191 3263 248 3312 loco
264 3266 363 3322 restitui
391 3260 403 3331 Η
433 3264 483 3314 154
502 3278 570 3313 auro
589 3279 611 3327 φ
634 3260 647 3329 ΙΙ
671 3265 719 3314 159
737 3263 840 3312 lineam
856 3262 891 3312 V¹
909 3264 1015 3329 spicem
1031 3263 1065 3314 V¹
1083 3264 1096 3333 ll

191 3330 242 3377 162
259 3333 315 3382 odd.
330 3347 394 3397 spes
412 3332 469 3381 iam
481 3330 591 3395 magnis
604 3330 711 3396 EllEPp
729 3347 793 3397 spes
806 3332 861 3381 iam
874 3332 965 3397 magis
983 3335 1025 3383 uei
1041 3348 1110 3398 spes

190 3397 283 3446 iamin
300 3400 374 3465 agris
391 3400 417 3450 V
437 3400 494 3449 iam
512 3414 576 3463 spes
589 3400 678 3463 magis
694 3397 728 3449 1³
749 3415 814 3464 spes
832 3401 861 3449 in
879 3400 986 3465 magnis
1001 3400 1024 3449 G
1041 3416 1108 3466 spes

191 3464 222 3512 in
239 3468 344 3531 agrisli
366 3468 422 3516 iam
435 3482 499 3532 spes
512 3468 541 3516 in
555 3467 630 3532 agris
642 3468 713 3532 Mep.
737 3483 800 3533 spes
814 3472 841 3518 et
853 3469 881 3518 in
901 3468 977 3531 agris
988 3468 1014 3517 A
1039 3484 1108 3535 spes

191 3532 334 3585 immanes
352 3534 463 3585 BSellm.
495 3550 559 3599 spes
582 3536 703 3584 inmanis
719 3537 813 3599 scripsi
835 3542 860 3585 et
878 3538 1028 3600 transposui
1044 3546 1108 3602 post

192 3603 294 3651 61631ι
317 3598 328 3669 Η
353 3604 402 3653 163
421 3600 566 3653 OHORVS
585 3604 610 3651 A
637 3602 759 3654 Turbine
773 3619 873 3669 magno
886 3618 950 3669 spes
964 3603 1108 3659 sollicitae

192 3665 221 3714 A
236 3683 278 3718 om.
290 3670 350 3734 rap
368 3672 465 3735 aliquot
482 3670 549 3722 Pali.
569 3668 604 3721 Δ)ι
623 3672 709 3723 adeor,
728 3676 754 3720 in
772 3688 818 3736 my.
840 3670 884 3722 E'.
913 3672 980 3722 idem
996 3680 1057 3725 ante
1080 3694 1109 3730 u.
