2750 4250
321 267 411 360 280,
602 281 958 331 n.nnunn1sruncnn

293 425 321 486 b'
449 423 493 485 lit
507 431 546 484 tu
560 439 653 502 quae
667 423 778 501 gemini
793 423 914 500 praeuia
930 423 1064 502 temporis

407 510 491 571 tarde
506 505 591 569 stella
606 507 686 568 redis
702 525 820 585 semper
836 507 1017 569 amantibus:

407 603 436 656 to
451 600 562 656 matres
577 593 681 654 auidae
696 601 725 654 to
740 594 864 671 oupiunt
879 610 972 654 nurus

406 679 625 760 quamprimum
640 677 741 739 radios
756 695 897 756 spargere
912 677 1032 743 lucidos.

449 847 573 909 Vincit
588 850 740 925 uirgineus
754 848 845 909 decor

404 932 493 1011 longe
509 933 663 1011 cecropias
678 951 786 1005 nurus,

405 1025 441 1078 et
455 1035 547 1098 quaa
561 1018 682 1097 Taygeti
697 1019 776 1096 iugis

405 1111 526 1165 exercet
540 1105 680 1164 iuuenum
698 1103 785 1163 modo

405 1189 500 1255 muria
515 1187 595 1268 quod
610 1196 692 1248 naret
709 1188 851 1266 oppidum

404 1281 440 1334 el
453 1291 544 1351 quas
559 1274 663 1333 aonius
677 1271 755 1332 latex

403 1357 593 1437 Alpheosque
607 1374 694 1418 ancer
708 1356 797 1418 lauat.

450 1527 595 1589 Cedent
609 1529 729 1587 aesonio
746 1527 815 1588 duni

406 1611 449 1694 [si
458 1611 566 1686 formu
579 1615 654 1673 uelit
667 1610 803 1692 auspici]

404 1696 505 1776 proles
519 1695 651 1757 fulminis
665 1697 784 1774 inprobi

318 1837 326 1852 ,
405 1789 483 1862 aptat
500 1783 550 1859 qui
565 1783 630 1860 iuga
648 1781 786 1859 tigribus,

403 1884 533 1928 necnon
550 1868 601 1944 qui
615 1866 747 1945 tripodas
764 1873 864 1927 mouet

402 1954 497 2014 frater
512 1952 635 2029 uirginis
650 1969 788 2029 asperae,

403 2037 512 2098 nodet
527 2036 647 2097 Castore
662 2055 730 2096 cum
746 2055 801 2097 suo

402 2121 506 2185 Pollux
523 2121 669 2185 caestibus
684 2124 791 2203 aptior.

446 2292 496 2355 Sic
512 2293 555 2354 sio
569 2290 726 2353 caelicolae
742 2310 849 2371 precor

402 2379 533 2439 uincat
547 2377 657 2439 lomina
672 2379 828 2456 coniuges,

402 2465 451 2524 uir
465 2462 555 2540 longe
570 2469 724 2541 superet
739 2465 830 2524 uiros.

399 2802 474 2863 haec
490 2821 556 2864 cum
574 2801 703 2862 femineo
719 2805 851 2864 constitit
867 2805 896 2863 in
912 2804 1019 2864 choro:
1096 2862 1100 2873 .
1199 2830 1203 2840 ·

399 2890 488 2949 unius
503 2887 595 2950 lanies
610 2888 758 2964 praenitet
773 2889 921 2949 omnibus.

443 3057 503 3120 Sin
518 3076 586 3119 uum
602 3055 664 3116 sole
680 3059 757 3134 perit
772 3032 906 3119 sidereus
921 3059 1011 3119 decor

399 3148 429 3202 et
443 3141 526 3204 densi
541 3142 656 3203 latitant
669 3137 821 3203 Pleiadum
838 3161 957 3221 gregeS,

381 3311 415 3361 l'l
432 3316 462 3361 et
479 3328 551 3377 quae
568 3314 595 3363 A
614 3316 643 3363 oi
661 3327 731 3377 quus
750 3326 764 3364 ε
783 3308 795 3379 ll
815 3315 848 3364 78
867 3318 999 3364 exornent
1018 3315 1042 3363 A
1062 3310 1186 3363 oneroeli

311 3372 346 3424 82
361 3386 423 3442 port
439 3382 511 3432 m83
528 3383 622 3446 lepitur
637 3383 664 3429 ia
684 3382 721 3439 A,
740 3383 788 3432 loc
806 3384 861 3432 loco
879 3381 950 3441 qu,
969 3383 1053 3432 deleui
1068 3396 1118 3431 cum
1133 3372 1201 3427 1th

311 3441 345 3493 00
368 3446 501 3513 celicolaa
519 3448 546 3497 E
568 3446 633 3512 (litt.
652 3449 710 3498 icol
733 3466 749 3499 a
771 3466 802 3502 m.
822 3453 838 3498 2
856 3453 882 3499 in
899 3450 971 3513 rao.)
999 3444 1011 3516 ΙΙ
1040 3451 1072 3500 92
1094 3448 1164 3508 longo
1181 3438 1204 3484 Ul

308 3502 1203 3651 sintentationumtatoli
