2750 4250
411 362 595 411 uuucvmcs
613 348 804 431 [curuum]
1001 346 1067 413 408

154 512 294 567 armetur:
317 502 389 565 illud
405 502 518 564 fulmen
535 501 633 565 exiliat
648 501 718 582 polo

154 609 225 670 quo,
239 590 293 650 uisi
308 589 414 650 luisset
427 590 545 667 genitus
559 587 678 649 Alcides
693 587 761 657 tihi,

153 675 270 755 hydram
286 691 465 735 cremasses:
488 681 601 752 pestem
617 683 650 735 ut
664 672 812 735 insolitam
829 673 885 735 ieri

154 768 181 821 et
195 768 226 821 ut
239 776 368 821 nouerca
383 760 482 839 potius
497 760 572 820 irata
586 757 708 819 malum.

154 845 247 906 emitte
262 844 355 905 telum
371 843 457 923 quale
472 844 502 904 in
518 850 668 905 errantem
685 846 767 922 prius

152 930 328 991 Phaethonta
345 930 467 990 missum
483 937 541 991 est:
566 928 682 1008 perdidi
698 928 760 989 sola
775 927 934 990 Herculem

153 1016 252 1094 etipsa
267 1012 403 1094 populns.
419 1050 460 1059 -
477 1014 547 1094 quid
563 1031 651 1091 rogas
666 1012 757 1074 telum
772 1012 862 1074 densi

153 1101 205 1159 iam
220 1117 309 1179 parce
324 1118 444 1169 socero,
461 1100 618 1177 coniugem
633 1097 752 1159 Alcidae
768 1116 871 1159 necem

154 1192 249 1262 optare
264 1184 382 1263 pudeat.
413 1184 488 1245 haec
503 1185 559 1245 crit
574 1191 644 1244 uoto
660 1201 782 1244 manus:

153 1288 166 1329 a
180 1288 226 1329 me
240 1277 367 1347 petatur.
399 1287 511 1348 occupa
527 1269 641 1329 ierrum
657 1270 749 1331 ocius.
766 1302 808 1313 -

154 1372 201 1414 cur
216 1354 321 1415 deinde
335 1355 468 1415 lerruml
492 1354 631 1432 quicquid
647 1354 683 1413 ad
700 1362 826 1415 mortem
841 1352 933 1414 trahit

153 1438 236 1499 telum
254 1448 299 1500 est
313 1438 446 1501 abunde:
470 1457 545 1518 rupe
561 1437 598 1499 ab
615 1439 746 1499 aetheria
762 1441 851 1500 lerar.

153 1523 219 1584 haec
234 1524 308 1585 haec
322 1533 460 1585 renatum
476 1526 570 1601 prima
587 1542 663 1603 quae
679 1525 774 1601 poscit
788 1524 868 1584 diem

153 1607 217 1669 Oeta
233 1609 373 1687 eligatur,
389 1627 499 1688 corpus
513 1609 584 1669 hinc
599 1610 675 1669 mitti
690 1609 796 1688 placet.

152 1693 270 1774 abrupta
286 1703 387 1755 cautus
402 1695 518 1755 scindat
532 1702 561 1755 et
575 1702 691 1773 partem
707 1696 767 1756 mei

153 1778 220 1839 lerat
234 1796 324 1840 omne
341 1798 461 1850 saxum,
478 1780 626 1858 pendeant
640 1779 758 1841 lacerae
772 1798 879 1841 manus

151 1870 298 1944 totumque
312 1864 421 1927 rubeat
435 1867 533 1945 asperi
549 1866 657 1925 montis
673 1865 758 1926 latus.

152 1946 218 2009 leuis
233 1968 291 2011 uua
308 1969 390 2013 murs
406 1961 450 2011 est
465 1950 555 2020 leuia,
572 1960 602 2011 at
617 1951 735 2013 extendi
750 1957 857 2028 potest.

153 2032 254 2113 eligere
270 2038 367 2097 neseis
383 2038 480 2098 anime
497 2037 544 2097 eui
560 2035 619 2097 telo
636 2036 778 2096 incubesi

153 2120 255 2182 utinam
272 2130 350 2182 esset
365 2122 477 2183 utinam
492 2122 569 2182 fixus
584 2122 613 2182 in
628 2120 765 2182 thalamis
779 2122 854 2182 meis

152 2203 301 2267 herculeus
318 2209 405 2267 ensis.
436 2207 505 2268 huic
520 2206 606 2268 dccet
621 2206 702 2266 ierrc
716 2208 836 2268 inmori.
852 2243 895 2252 —

153 2306 200 2349 una
215 2291 317 2369 perire
333 2291 453 2354 dextera
470 2291 556 2351 uehis
570 2299 616 2352 sat
630 2293 693 2353 estl

154 2375 219 2435 mite
235 2383 348 2454 gentes.
378 2395 447 2437 saxa
464 2384 494 2436 et
508 2378 656 2437 inmensas
672 2377 751 2438 iaces

153 2458 287 2522 iaculetur
302 2460 397 2537 urhis,
416 2460 496 2521 nulla
512 2479 572 2521 non
588 2469 684 2523 certet
698 2479 814 2524 manue.

155 2547 287 2625 concipite
302 2545 375 2606 tela:
400 2546 548 2607 uindicem
566 2556 699 2608 uestrum
715 2547 832 2608 ahstuli.

154 2695 345 2708 ,ᾕ-

209 2785 258 2834 854
276 2784 331 2834 niei
349 2784 374 2832 Ε
393 2785 422 2833 ni
440 2785 464 2833 A
478 2779 490 2849 ll
502 2785 553 2834 866
572 2787 719 2834 cremcseie
736 2784 762 2833 E
772 2781 785 2851 ss
796 2786 847 2835 856
864 2785 901 2834 Et
918 2788 948 2834 tu
966 2799 993 2834 u.
1013 2798 1060 2848 po-

155 2848 199 2899 lius
214 2852 231 2904 i.
250 2867 287 2902 m.
305 2851 331 2900 Ε
354 2853 392 2902 Et
409 2857 441 2901 ut
458 2867 485 2900 n.
504 2851 584 2916 peius
602 2851 621 2901 i.
639 2867 673 2901 m.
693 2853 718 2902 A
742 2859 852 2902 ceterum
869 2854 904 2915 cf.
922 2869 946 2902 u.
966 2853 1025 2902 664.
1045 2851 1059 2915 ΙΙ
1106 2860 1109 2864 ’

155 2915 194 2967 868
209 2919 348 2971 Phetouta
367 2919 416 2984 Εψ
434 2935 503 2972 corr.
517 2920 542 2969 A
554 2916 566 2985 11
578 2918 639 2970 6616
656 2919 797 2970 herculem
815 2920 840 2969 Ε
852 2921 893 2970 nd
906 2921 927 2970 R
944 2920 977 2968 in
995 2919 1060 2970 eolo

155 2983 264 3038 Hercule
283 2988 444 3040 Maeoni.
461 2989 576 3040 61846.
595 2993 690 3052 erepto
707 2988 829 3039 Hercule
847 2989 873 3038 A
889 2984 902 3054 11
918 2990 968 3039 861
987 2988 1060 3038 haec

155 3051 208 3102 dne
233 3056 287 3107 hoe
304 3056 330 3106 A
352 3053 364 3124 ss
384 3061 449 3107 uolo
467 3057 493 3106 Ε
504 3056 546 3105 HE
559 3056 723 3106 1167616αηί666
736 3057 859 3108 &occuli
887 3059 982 3106 uotum
999 3056 1024 3105 A
1045 3056 1058 3117 ΙΙ

156 3134 234 3173 muuue
252 3125 293 3176 εΑ
312 3121 529 3190 1661666118θῖ
547 3123 694 3188 occupa'id
715 3121 825 3191 Ess863
844 3124 900 3174 Cur
916 3123 1015 3174 deinde
1033 3123 1060 3172 Ε

157 3188 244 3253 himine
262 3209 298 3244 em
311 3192 443 3244 Orteh'ano
461 3200 489 3242 ut
506 3194 617 3245 uidetur.
636 3195 671 3258 9?
690 3191 763 3241 Cur?
775 3193 854 3243 deme
866 3193 892 3242 A
912 3193 1061 3254 demeuem

156 3253 246 3310 demum
263 3262 287 3312 H
304 3261 376 3328 Moy.
394 3263 428 3311 cl.
447 3262 513 3314 Pau.
537 3277 569 3311 cn
588 3261 737 3311 Reconde
755 3260 795 3310 h?
816 3257 827 3326 ll
848 3260 884 3310 ud
902 3265 1016 3311 mortem
1034 3260 1060 3309 Ε

157 3322 178 3372 in
192 3342 221 3376 m.
239 3329 264 3379 A
277 3326 289 3396 ll
300 3330 375 3380 trahi
394 3345 413 3380 et
431 3345 484 3383 err.
504 3325 584 3396 typi
600 3330 650 3380 866
669 3328 743 3380 Oeta
761 3329 786 3379 A
806 3327 920 3378 Oceano
939 3328 964 3378 Ε
980 3325 993 3394 ΙΙ
1009 3329 1060 3380 867

158 3392 269 3461 abrupta)
289 3415 306 3463 p
325 3415 356 3448 m.
375 3413 427 3449 rec.
447 3393 496 3461 ΕΗ
508 3397 557 3448 869
576 3398 669 3462 heperi
688 3397 729 3447 εΑ
754 3412 882 3462 ceperum
900 3393 1060 3463 Rllmontie

157 3459 211 3529 tAll
225 3468 300 3530 ponti
317 3467 341 3516 R
353 3466 424 3532 Moy·
440 3466 533 3516 61116
545 3461 557 3531 ll
572 3467 623 3517 870
636 3470 666 3514 at
678 3465 704 3515 A
718 3470 746 3516 et
757 3465 783 3514 Ε
795 3462 807 3532 ΙΙ
822 3467 872 3516 stu
885 3466 1023 3515 thalamos
1035 3464 1060 3512 Ε

158 3527 269 3585 lhtlcmie
282 3536 307 3586 A
320 3531 332 3602 ll
348 3536 398 3586 875
418 3533 551 3598 Co'lligiie
572 3533 650 3584 Ortei.
663 3529 676 3599 ll
688 3533 839 3584 immensae
851 3533 876 3582 Ε
893 3534 1024 3599 ingentes
1037 3533 1061 3583 R

157 3596 266 3654 incensae
285 3603 310 3652 A
334 3599 346 3670 Η
369 3604 420 3655 876
437 3601 517 3652 nulla
535 3617 591 3652 non
608 3602 634 3651 Ε
663 3601 742 3651 uullu
760 3617 833 3652 nuuc
855 3602 881 3652 A
898 3598 910 3668 ΙΙ
929 3603 1021 3652 ceeeet
1038 3617 1060 3650 ω

158 3666 220 3719 nulle
237 3675 386 3722 concesset
406 3671 483 3722 Gran.
507 3669 584 3721 nulla
603 3686 658 3722 uon
677 3674 781 3720 certet
798 3671 901 3734 scripsi.
924 3666 938 3735 ΙΙ

788 3751 853 3815 26*
