2750 4250
501 364 701 412 rnanrnrro
1014 421 1019 431 ‚
1052 367 1076 413 v

146 533 229 599 terque
244 526 345 598 scripto
367 532 394 579 et
409 524 512 580 crebris
528 525 596 581 locis
612 523 749 581 inculcato
771 524 875 581 reiecto
891 524 981 582 lituris
996 525 1079 600 pleno

146 613 160 665 i.
179 627 200 665 e.
226 625 261 665 en
288 610 378 683 ipsis
406 610 479 666 eius
507 608 748 684 pugillaribus
774 618 919 684 utramque
946 612 1078 685 originem

146 694 246 751 traxisse
261 694 450 750 recensionem
466 695 546 750 nobis
561 695 757 769 persuademus
767 693 804 768 ³).

196 777 256 834 Nam
272 780 391 853 primurn
407 778 551 852 permultis
567 779 635 836 locis
652 796 722 854 quae
738 781 811 836 inter
825 782 972 855 utriusque
987 796 1083 837 recen·

146 865 217 919 sionis
238 863 324 920 libros
352 864 499 921 intercedit
522 867 673 939 scripturae
705 865 851 921 diuersitas
876 866 913 921 ita
935 874 1083 940 conparata

146 956 192 1011 est,
211 955 240 1004 ut
255 949 392 1023 duplicem
415 949 442 1004 iu
464 949 612 1024 archetypo
628 949 774 1006 lectionem
791 950 876 1017 luisse
899 959 992 1025 aperte
1012 951 1082 1007 indi·

146 1041 217 1089 cetur.
245 1032 340 1101 Qualia
356 1034 423 1090 baec
438 1043 516 1090 sunt:
535 1065 542 1078 ·

145 1236 226 1293 1831
251 1237 384 1293 deformis
406 1237 472 1292 senii
497 1255 592 1294 mon·
618 1239 643 1295 d.
661 1257 682 1295 s.
699 1237 820 1296 limina
837 1247 996 1296 transcat

180 1322 464 1394 stretimaginem

144 1405 591 1476 P348uenereinstinctussus5
619 1426 645 1466 u.
676 1409 810 1466 instincti
839 1423 935 1483 quam
962 1423 1081 1482 magua

180 1491 260 1566 cipit
289 1491 403 1547 audax
432 1509 515 1566 grege
540 1509 591 1568 pro
662 1491 1081 1566 geruntg‚p.t.b.iuuenci

178 1585 232 1632 toto
247 1574 318 1632 bella
336 1577 482 1634 iuuencas

144 1659 214 1718 1136
239 1670 347 1736 patrem
377 1660 493 1735 probaui
520 1663 595 1736 glo·
621 1671 726 1738 patrem
754 1660 890 1737 probauit
916 1661 1082 1736 indeque

178 1744 595 1822 riueiecilocumquasol
665 1747 775 1804 lucem
796 1747 924 1821 premit
945 1742 1083 1820 aperit·

179 1831 346 1888 reducens
378 1849 512 1905 quaque
542 1849 596 1888 re·
667 1831 862 1906 quetlretis
884 1831 1082 1904 qualerens

178 1917 413 1989 ponensdicm
663 1916 867 1974 Titandiem

145 1998 233 2058 11627
258 2009 417 2058 teneone
439 2003 472 2057 in
495 2019 592 2058 auras
620 2018 787 2058 uerumne
818 2016 920 2057 cerno
950 2016 1082 2074 corpus

180 2085 580 2144 editumanuanalruor
663 2076 901 2144 aulallortua

146 2166 236 2227 11676
267 2182 376 2229 nocte
407 2174 458 2229 sic
490 2174 594 2229 mixta
620 2169 977 2228 telenondubiesolet

180 2254 244 2311 solet

148 2337 229 2396 7347
251 2318 329 2398 iores
349 2342 378 2397 E
406 2340 539 2397 trabesA
570 2341 631 2399 610
647 2342 799 2397 extimescit
819 2340 849 2396 Ε
876 2339 1033 2415 expauescit
1055 2339 1085 2395 A

149 2422 216 2481 1048
236 2426 317 2482 detur
339 2428 383 2482 uia
405 2426 434 2481 E
462 2425 555 2481 demus
577 2426 691 2483 uiamA
721 2424 782 2483 327
804 2426 939 2482 scelusE
966 2423 1085 2480 nelasA

148 2538 338 2550 ᾖ,

204 2588 225 2653 *l
243 2590 380 2641 Senecam
394 2592 482 2657 ipsum
496 2590 618 2657 singulas
631 2591 793 2657 tragoedias
810 2591 887 2640 foras
901 2590 1010 2641 dedisse
1023 2591 1085 2640 ueri

150 2660 182 2705 est
196 2658 290 2710 simile.
324 2658 404 2721 Quod
421 2663 516 2708 tamen
529 2658 614 2709 latius
631 2659 761 2724 persequi
780 2659 908 2723 quoniam
927 2658 1086 2708 chartarum

150 2728 269 2789 angustiis
283 2727 475 2792 prohibemur,
494 2727 620 2776 breuiter
636 2728 778 2776 indicasse
791 2726 914 2776 sufficiet
930 2741 984 2775 non
998 2725 1086 2776 solum

150 2790 283 2843 Medeam
303 2810 321 2845 a
334 2794 508 2857 Quintiliano
526 2795 682 2857 laudatam,
703 2793 787 2845 Oedi
795 2810 868 2860 pum
887 2809 968 2858 quem
982 2797 1010 2843 ot
1022 2792 1085 2843 Sta·

151 2858 194 2909 tius
210 2866 236 2910 et
247 2862 419 2924 Quintiliani
437 2867 592 2913 sectatores
605 2868 669 2912 sunt
684 2863 788 2912 imitati
807 2859 858 2928 ici.
872 2862 895 2912 0
908 2863 958 2909 242
971 2862 1022 2911 647
1033 2862 1085 2910 472

152 2926 191 2975 314
202 2944 255 2995 sqq.
271 2932 362 2997 611630
375 2945 416 2995 eq.
429 2948 464 2973 =
476 2928 516 2983 St.
530 2930 615 2981 Theb.
630 2932 642 2981 1
656 2932 716 2983 233.
736 2930 792 2981 IIIl
809 2932 867 2981 630.
891 2928 1001 2980 16620.
1027 2926 1084 2977 ibd.

152 2994 189 3043 406
200 3010 253 3062 sqq.
275 2996 409 3047 0477:
422 2996 462 3047 81.
474 2998 543 3049 Ach.
556 2999 571 3049 Ι
583 3000 632 3049 307
652 3002 680 3047 61
697 2998 784 3047 multa
802 2997 918 3050 6116..-
943 2995 1016 3046 063
1034 2997 1084 3047 946

152 3062 189 3111 696
203 3084 233 3107 =
250 3064 368 3120 declam.
386 3062 465 3130 XII],
490 3065 537 3116 sod
556 3067 639 3116 etiarn
657 3065 838 3115 Herculem
857 3064 870 3113 I
889 3067 917 3113 et
934 3063 1084 3115 Troades

153 3132 1084 3265 113111.13133131333033·1161313·

154 3262 206 3314 Sila.
221 3266 262 3318 IlI
277 3272 303 3333 3,
323 3271 380 3320 192.
402 3269 634 3320 Η3913201186
650 3288 685 3313 =
701 3268 788 3319 Theb.
807 3268 864 3318 1111
881 3269 938 3320 643.
963 3268 1005 3317 III
1023 3270 1083 3319 343.

154 3329 261 3386 1111767.
280 3363 312 3373 -
332 3338 362 3386 M
374 3339 424 3387 347
436 3356 471 3380 =
483 3336 570 3388 Theb.
584 3337 609 3386 V
620 3339 681 3388 413.
706 3364 737 3372 -
763 3337 804 3385 Ta
817 3338 865 3387 841
879 3355 913 3379 =
925 3335 1014 3386 Theb.
1027 3336 1086 3386 IIII

155 3397 241 3449 186-
258 3404 281 3453 Τ
294 3405 343 3455 615
354 3424 390 3450 ==
404 3402 436 3470 (1)
450 3404 500 3453 Τ6.
514 3405 542 3455 ΙΙ
554 3406 613 3457 688.
627 3406 650 3455 Τ
664 3407 715 3456 738
725 3423 761 3448 =
773 3404 842 3454 Ach.
854 3405 868 3454 1
881 3405 940 3454 660.
953 3405 1020 3453 -Ρ
1035 3405 1084 3455 766

155 3481 181 3507 =
195 3468 255 3520 Sila.
271 3472 298 3522 11
316 3474 340 3536 6,
360 3469 416 3539 36].
450 3473 528 3522 Vnde
544 3474 713 3538 posteriores
731 3471 906 3538 grammatici
924 3472 972 3535 qui
990 3472 1084 3536 singn-

156 3529 188 3582 los
198 3536 314 3591 Senecae
330 3555 427 3589 uersus
446 3544 652 3592 conmemorant
671 3541 877 3605 tragoediarum
896 3539 1084 3604 cognitionem

156 3596 292 3671 hauserint,
313 3612 404 3657 utrum
423 3624 457 3657 ex
475 3608 585 3658 schedis
602 3613 704 3675 poetae
720 3608 767 3657 uel
786 3609 845 3657 eius
862 3606 1030 3671 apographis
1048 3622 1084 3656 an

160 3680 184 3716 ex
193 3670 287 3725 fabulis
299 3676 452 3742 separatim
465 3676 560 3739 editis,
580 3678 610 3726 in
622 3676 716 3727 medio
728 3674 938 3740 relinquendum
951 3678 1002 3724 est.
