2750 4250
449 396 633 444 unncvnns
657 383 823 466 [nunnus]
1049 382 1091 446 29

150 546 171 608 α’
216 551 323 600 Auru.
352 537 499 599 Peruince
515 536 632 599 Theseu
649 537 792 616 quicquid
807 536 865 598 alto
880 536 910 598 iu
926 543 1047 616 pectore

180 633 308 686 remanet
322 625 442 702 pauoris
457 640 535 684 neue
550 632 580 683 te
596 621 695 684 lruetu
712 623 823 702 optimo

179 708 276 769 lrauda
292 707 439 770 laborum.
472 705 743 788 quaeluitdurum
759 707 829 786 pati,
1108 717 1170 768 660·

179 795 343 855 meminisse
359 792 444 854 dulce
461 799 514 854 est.
544 787 625 852 lare
646 811 755 853 casus
776 790 962 852 horridos.

147 890 173 948 a''
217 892 315 940 runs.
345 879 402 940 Fas
418 896 507 938 omne
522 877 624 939 mundi
640 886 730 955 teque
745 876 945 938 dominantem
961 893 1070 954 precor

179 982 267 1042 regno
282 965 384 1043 capaci
399 971 488 1042 teque
505 981 594 1041 quam
610 969 670 1023 tota
685 961 774 1022 inrita

180 1051 319 1125 quaesiuit
331 1049 425 1109 Aetna
441 1053 544 1118 mater,
562 1055 594 1108 ut
609 1047 672 1108 iura
689 1045 788 1107 abdita

180 1143 206 1194 et
224 1140 353 1214 operta
375 1133 492 1194 terris
512 1131 598 1194 liceat
614 1132 725 1210 inpune
742 1128 878 1210 eloqui.

153 1333 165 1369 o
218 1304 359 1380 Spartana
376 1301 462 1364 tellus
477 1301 577 1362 nobile
593 1299 696 1361 attollit
710 1301 812 1379 iugum

181 1388 273 1448 densis
289 1388 340 1449 ubi
355 1406 468 1466 aequor
484 1387 637 1448 Taenarus
651 1385 734 1446 siluis
749 1386 868 1466 premit.

180 1472 224 1533 bie
238 1491 288 1534 ora
303 1471 392 1534 soluit
405 1473 479 1534 Ditis
494 1473 582 1532 inuisi
598 1472 703 1532 domus

181 1557 293 1636 hiatque
307 1576 399 1639 rupes
415 1556 473 1618 alta
489 1566 518 1618 et
532 1557 667 1618 inmenso
682 1574 775 1635 specu

182 1643 278 1720 ingens
293 1661 406 1721 uorago
422 1641 557 1703 lancibus
574 1641 664 1702 uastis
679 1648 760 1719 patet

182 1725 323 1808 latumque
338 1727 440 1808 pandit
455 1726 593 1788 omnibus
608 1725 725 1805 populis
739 1726 806 1786 iter.

155 1826 170 1876 d
221 1813 283 1874 Non
298 1832 386 1874 caeca
402 1811 533 1873 tenebris
551 1812 653 1890 incipit
669 1813 768 1890 primo
786 1810 842 1870 uia.

134 1968 137 1974 1
184 1899 272 1958 tenuis
287 1898 409 1958 relictae
423 1896 498 1958 lueis
514 1915 530 1957 a
546 1905 629 1974 tergo
647 1897 727 1955 nitor

185 1981 332 2060 fulgorque
349 1981 455 2044 dubius
471 1982 540 2042 solis
555 1981 665 2044 adllicti
684 1979 765 2040 cadit

186 2073 211 2127 et
223 2066 294 2129 ludit
308 2069 411 2131 aciem.
442 2075 530 2129 noete
544 2068 587 2128 sic
600 2067 693 2127 mixta
709 2063 784 2126 solet

186 2152 322 2227 praebere
338 2153 439 2215 lumen
455 2154 567 2231 primus
583 2160 634 2213 aut
649 2169 734 2213 serus
750 2150 821 2211 dieS.

188 2232 263 2319 [biae
277 2243 380 2316 ampla
396 2242 502 2301 uacuis
515 2240 618 2314 spatia
632 2240 783 2297 laxantur
796 2236 881 2309 lucio,

186 2325 214 2382 ia
226 2342 300 2399 quoe
316 2342 402 2385 omae
416 2340 545 2385 mersum
554 2330 665 2399 pereat
680 2322 844 2382 humanum
858 2314 983 2402 pertua]

157 2418 177 2477 d'
224 2408 281 2469 Nec
295 2410 338 2470 ire
354 2407 439 2468 labor
455 2416 509 2469 est.
540 2408 603 2487 ipsa
619 2405 739 2467 deducit
753 2407 811 2467 uia.

189 2504 217 2552 ut
229 2511 312 2571 saepe
328 2511 443 2572 puppes
459 2501 558 2553 aestus
572 2493 679 2553 inuitas
694 2492 780 2570 rapit,

190 2579 226 2637 sic
240 2595 348 2654 pronus
363 2584 416 2639 aer
432 2584 520 2655 urget
534 2584 621 2655 atque
634 2575 754 2637 auidum
770 2576 859 2635 cbaos

191 2662 362 2741 gradumque
378 2672 460 2723 retro
475 2663 596 2723 ilectere
611 2661 683 2721 baut
697 2678 839 2738 umquam
854 2660 954 2719 sinunt

190 2746 301 2807 umbrae
317 2758 446 2809 tenaces,
471 2749 550 2807 intus
564 2746 690 2807 inmensi
706 2747 795 2806 sinus.

164 2859 175 2894 6
226 2831 336 2894 Placido
353 2834 451 2912 quieta
466 2832 574 2893 labitur
590 2830 682 2891 Lethe
698 2830 774 2891 uado

190 2915 326 2998 demitque
341 2936 429 2979 curas
445 2935 521 2978 neue
536 2916 691 2977 remeandi
705 2913 832 2993 ampbus

190 3010 276 3077 pateat
290 3002 422 3072 facultas,
439 3001 565 3063 flexibus
581 2999 679 3060 multis
695 3017 818 3078 grauem

248 3156 294 3207 668
315 3154 465 3207 Peruineet
482 3152 507 3203 Ε
530 3154 668 3203 Permiete
685 3155 712 3204 V
730 3149 743 3218 11
759 3154 788 3201 in
806 3168 832 3217 p.
851 3149 929 3200 EVIi
950 3150 1000 3199 duo
1021 3149 1094 3198 Cirri-

189 3223 262 3273 rtiaoe
286 3225 315 3273 in
337 3240 386 3274 om.
406 3222 430 3271 A
460 3218 472 3288 ΙΙ
506 3223 555 3271 660
577 3237 647 3285 quae
666 3221 691 3270 E
715 3236 767 3284 que
789 3221 836 3282 Vua
861 3218 940 3282 quod
958 3233 977 3266 α
1004 3214 1016 3283 ll
1044 3219 1094 3267 tut

190 3287 269 3340 Enna
287 3308 305 3341 α
332 3288 344 3357 ΙΙ
373 3291 423 3341 666
445 3289 522 3353 loqui
542 3290 568 3339 V
589 3286 600 3352 ΙΙ
629 3291 678 3339 669
702 3289 826 3353 hiatque)
846 3291 875 3337 ct
893 3288 920 3335 in
936 3299 990 3335 rat.
1005 3284 1040 3333 [¹3²
1069 3282 1082 3350 ll

190 3358 232 3407 671
253 3358 363 3423 pandit)
391 3358 476 3409 udin
504 3372 557 3407 rue.
580 3357 617 3407 Ε2
657 3354 669 3423 ΙΙ
710 3358 759 3407 672
791 3354 908 3419 incipiet
934 3355 960 3403 V
997 3349 1011 3419 [l
1044 3355 1093 3405 675

190 3425 239 3475 tale
260 3443 313 3477 non
334 3427 419 3476 dubio
438 3424 511 3477 solet
530 3425 555 3473 A
586 3431 667 3475 nocte
691 3427 733 3475 sic
754 3425 841 3473 mixta
864 3421 1015 3479 soletEV
1037 3420 1095 3482 (aed

189 3490 224 3541 lio
239 3494 328 3558 mista)
343 3496 495 3545 IPalatinua
518 3488 531 3559 ll
554 3494 688 3544 677-678
707 3495 791 3543 deleui
811 3489 824 3557 ΙΙ
847 3492 897 3542 678
914 3490 1021 3553 Hiucq3
1037 3491 1062 3539 V
1072 3487 1084 3555 Η

190 3564 371 3629 alpergae?
410 3558 422 3629 ll
459 3564 509 3615 681
533 3576 633 3627 agger
660 3577 679 3611 α
717 3558 729 3627 ΙΙ
764 3562 815 3611 683
840 3558 968 3609 immensi
994 3558 1019 3606 E
1052 3558 1094 3607 in-

189 3631 267 3677 mensi
282 3631 308 3680 V
327 3632 405 3681 sinus
417 3630 476 3679 EV
494 3630 626 3679 immenso
645 3630 708 3679 sinu
721 3631 745 3679 A
767 3626 779 3694 ΙΙ
803 3625 984 3679 6841etheA
1008 3623 1097 3691 lethes

190 3692 392 3763 ulethesuV
422 3694 435 3765 ll
468 3698 519 3758 686
545 3696 668 3747 fletibus
695 3698 817 3761 ede'p.
850 3691 863 3760 ΙΙ
