2750 4250
532 375 683 424 OEDlPVS

160 520 252 578 satiata
266 515 350 578 tellus
365 514 460 577 balitu
475 517 553 577 sicco
568 525 671 586 nocet,

162 603 209 663 sed
221 620 269 663 rex
284 610 423 663 eruentus
438 602 534 678 pretia
550 602 601 680 qui
616 619 723 661 saeuae
739 603 821 663 necis

161 697 265 765 sceptra
282 684 309 747 et
324 686 466 748 nefandos
481 693 606 764 occupat
621 684 767 746 thalamos
782 688 884 766 patris.

130 772 153 844 g'
202 773 288 833 lnnisa
304 772 416 853 proles,
433 772 485 832 sed
501 781 599 831 tamen
616 773 702 848 peior
719 789 826 848 parens

162 876 239 935 quam
254 866 370 936 gnatus,
394 865 480 918 utero
495 874 600 918 rursus
614 855 744 917 inlausta
760 859 860 935 granis

161 946 216 1020 egit
228 944 274 1021 qni
288 944 317 1002 in
333 952 417 1002 ortus
433 951 527 1002 semet
543 949 572 1004 et
585 943 673 1007 matri
689 942 786 1019 inpios

163 1027 232 1088 lctus
245 1028 364 1104 regessit
379 1027 489 1105 quique
504 1026 553 1085 nix
571 1043 635 1088 mos
650 1034 696 1086 est
712 1026 797 1094 ieris,

161 1114 258 1173 tratres
271 1111 325 1172 sibi
339 1113 403 1189 ipse
419 1112 534 1189 genuit,
551 1110 717 1190 inplicitum
735 1110 843 1171 malum

163 1199 300 1276 magisque
315 1204 480 1256 monstrum
495 1194 627 1275 Sphinge
643 1194 817 1274 perplexum
835 1213 896 1256 sna.

131 1287 147 1336 <t
201 1282 279 1341 Tele
294 1290 416 1342 cruenta
432 1287 550 1358 sceptra
566 1282 615 1358 qui
632 1280 734 1340 dextra
751 1282 839 1359 geris,

163 1378 187 1425 te
201 1373 278 1444 pater
292 1365 404 1426 inultus
419 1365 494 1426 urbe
510 1383 578 1425 eum
595 1373 654 1425 tota
672 1373 771 1443 petam

160 1459 188 1509 et
201 1469 311 1511 mecum
326 1451 454 1530 Erinnys
470 1451 621 1530 pronubas
636 1450 757 1511 thalami
773 1450 887 1511 traham

160 1544 270 1596 tornum
286 1544 425 1596 sonantes
440 1535 578 1596 uerbera.
611 1536 753 1596 incestam
771 1535 891 1595 domum

161 1630 265 1680 nertam
281 1629 309 1681 et
323 1629 446 1701 penates
461 1621 542 1700 inpio
559 1628 654 1681 marte
670 1619 815 1682 obteram.

132 1702 153 1758 d'
197 1705 320 1765 Proinde
336 1704 453 1785 pulsnm
470 1705 577 1766 tinibus
592 1722 694 1781 regem
711 1707 794 1766 ocius

161 1792 230 1867 agite
246 1790 368 1850 exulem.
398 1807 588 1868 quocumque
603 1791 720 1850 lunesto
737 1789 831 1866 gradu

160 1874 248 1934 solum
263 1875 422 1953 relinquet,
440 1893 512 1934 uere
527 1875 659 1934 llnrilero
675 1891 779 1935 nemus

162 1959 301 2038 reparabit
314 1959 439 2027 herbas,
456 1961 576 2038 spiritns
592 1977 684 2039 poros
700 1958 781 2019 dabit

163 2043 248 2103 uitalis
262 2063 331 2105 aura
348 2045 449 2105 ueniet
464 2053 494 2104 et
509 2043 592 2103 siluis
607 2044 710 2105 decor.

163 2127 255 2208 [ictum
268 2133 390 2206 luesque
403 2146 483 2191 mors
498 2131 585 2190 tabor
600 2131 683 2192 tobes
700 2133 787 2191 dolor

163 2219 309 2276 comitatus
323 2219 376 2276 illo
391 2218 501 2291 dipnus
515 2218 662 2276 excedent
673 2213 790 2295 simut]

136 2295 162 2351 d'
198 2300 230 2359 Et
245 2302 305 2379 ipse
320 2300 432 2379 rapidis
448 2299 599 2378 gressibus
615 2301 700 2361 sedes
719 2298 799 2360 nolet

164 2383 281 2462 elingere
297 2395 426 2454 nostras,
444 2385 494 2445 sed
511 2401 619 2462 graues
635 2384 760 2464 pedibus
777 2402 875 2445 moras

164 2469 257 2530 addam
272 2480 300 2531 et
315 2470 440 2531 tenebo:
463 2476 550 2545 repet
564 2472 697 2530 incertus
713 2471 778 2530 uiae

165 2550 256 2613 baculo
271 2555 356 2615 senili
370 2556 454 2617 triste
470 2562 691 2633 praetemptans
706 2556 771 2616 iter.

166 2640 255 2715 eripite
270 2648 383 2709 terras,
399 2640 530 2701 auferam
547 2640 661 2700 caelum
678 2646 770 2717 pater.

142 2741 156 2789 t
202 2735 274 2783 ono.
298 2724 337 2785 Et
350 2743 416 2786 ossa
434 2733 463 2786 et
478 2732 559 2786 artus
574 2723 689 2802 gelidus
704 2726 812 2784 inuasit
827 2732 954 2786 tremor:

167 2807 289 2886 quicquid
306 2810 446 2871 timebam
463 2809 576 2879 lacere,
594 2810 698 2870 iecisse
714 2826 831 2887 arguor.

222 3063 267 3113 647
289 3063 405 3128 praecia
422 3063 448 3112 d
470 3065 561 3128 pretia
579 3064 650 3128 Mop.
676 3066 801 3128 praemio
819 3062 886 3127 dfirp
910 3064 999 3127 prime
1018 3063 1042 3111 A
1060 3060 1069 3128 d

170 3126 208 3176 tlt
223 3136 357 3197 sceptrum
376 3131 456 3183 oron.
479 3128 491 3197 [Ι
514 3133 562 3181 651
581 3132 702 3196 Egitqne
721 3131 770 3195 Εψ
789 3130 856 3195 Egit
875 3130 920 3195 qui
939 3132 963 3180 A
985 3126 996 3195 ll
1020 3132 1070 3182 652

171 3195 205 3243 uix
219 3197 266 3248 ΕΑ
284 3215 337 3249 nee
355 3207 379 3263 ψ
394 3196 406 3265 Η
422 3202 472 3249 667
491 3202 596 3262 erynim
615 3200 767 3263 pronubam
785 3198 811 3247 Ε
833 3198 951 3248 Erinnes
969 3213 1072 3262 pronu-

172 3259 246 3336 ,ΨΑ
274 3263 286 3333 [l
314 3269 366 3318 668
389 3267 498 3316 trabam
516 3284 537 3317 ω
560 3271 692 3316 toruum
710 3270 806 3331 scripsi
832 3263 843 3333 ΙΙ
871 3268 1005 3316 incestam
1025 3270 1070 3316 εΑ

172 3337 285 3383 incertam
302 3345 326 3398 ψ
344 3332 355 3400 ΙΙ
372 3336 421 3385 661
441 3350 613 3399 quocumque
632 3334 681 3396 Ed>
702 3348 873 3398 quacumque
894 3331 941 3399 ΑΗ
958 3334 1008 3384 662
1027 3350 1072 3385 re-

173 3394 259 3513 litppnat
277 3404 301 3452 Α
329 3403 468 3467 relinquet
485 3411 528 3467 εψ
552 3400 563 3468 Η
586 3404 680 3451 uirens
699 3420 720 3452 ω
747 3418 859 3452 nemus
878 3404 972 3465 scripsi
992 3403 1071 3464 (fort.

174 3469 192 3508 tr
219 3474 316 3531 spositis
333 3471 509 3521 hemistichiis:
527 3471 643 3533 spiritns
662 3487 689 3535 p.
710 3470 735 3519 d.
750 3470 780 3520 V.
801 3487 827 3519 a.
847 3484 912 3519 uere
932 3471 952 3519 f.
973 3485 1071 3520 nemus

174 3527 305 3596 Reparabic
315 3538 342 3590 h.
356 3540 451 3588 ueniet
465 3542 492 3587 et
505 3554 526 3587 s.
540 3538 578 3600 d.)
595 3536 607 3604 Η
628 3540 678 3588 666
697 3539 746 3587 666
764 3538 853 3589 sustuli
871 3537 1042 3599 exceduntur
1062 3534 1070 3601 ll

174 3596 212 3649 669
230 3611 333 3670 repetet
356 3606 405 3667 Erp
435 3611 525 3671 reptet
548 3607 572 3655 A
603 3612 682 3669 repet
701 3606 775 3655 DHs.
807 3601 818 3671 ll
847 3607 896 3655 671
916 3606 1023 3671 Eripite
1045 3604 1069 3653 Ε

175 3662 307 3736 Praeriptte
320 3675 344 3723 A
357 3671 430 3741 [1672
445 3673 529 3723 OED.
545 3683 588 3738 εψ
601 3690 648 3725 orn.
663 3675 687 3725 Α
701 3671 713 3739 ΙΙ
724 3676 773 3725 673
787 3673 871 3723 ΟΕΙ).
888 3676 909 3722 Α
923 3689 969 3723 om.
985 3680 1028 3736 εψ
1048 3669 1060 3738 ΙΙ

216 3768 327 3807 sennenn
347 3772 431 3809 rato.
830 3755 869 3817 14
