2750 4250
431 370 613 419 nnucvnus
631 356 822 439 [cernuus]
1019 357 1083 423 369

168 514 271 575 iassata
287 514 371 593 prior
387 520 504 573 estnon
520 518 549 570 et
564 518 731 571 extremum
747 512 837 573 chaos

166 601 195 658 iu
211 618 257 660 me
272 598 444 658 incucurrit.
477 595 546 656 inde
562 594 597 655 ad
614 595 695 657 hunc
711 595 814 657 orbem
831 597 896 657 redi

167 702 251 744 nemu
267 683 343 743 unde
359 690 451 742 retro.
483 679 602 741 tulimus
617 684 721 741 oceani
736 682 832 741 minas

167 786 219 829 nec
234 766 293 827 uila
308 765 402 827 ualuit
417 772 539 844 quatere
556 773 715 843 tempestas
731 772 825 825 ratem
1101 779 1134 827 50

168 868 383 931 quamcumque
399 852 509 927 pressi·
536 866 605 926 pars
622 858 711 929 quota
732 858 777 911 est
792 868 882 929 quam
896 853 1081 930 prosequor?

168 940 223 997 iam
238 954 350 997 uacuus
365 934 468 996 aether
484 952 544 994 uun
561 942 659 1012 potest
674 935 742 995 odiu
758 942 825 996 tuae

169 1023 301 1083 sufficere
318 1029 429 1098 nuptae
446 1037 579 1098 quasque
595 1019 751 1080 deuincam
767 1019 847 1079 ieras

170 1106 251 1166 tellus
266 1108 349 1165 timet
365 1105 525 1182 concipere
541 1120 597 1165 nec
613 1113 746 1164 monstra
760 1105 883 1165 inuenit.

169 1192 244 1251 ferae
259 1188 424 1267 negantur?
448 1187 591 1249 Hercules
608 1190 732 1249 monstri
747 1188 814 1249 icco

169 1278 222 1335 iam
237 1276 335 1351 coepit
350 1290 430 1333 esse:
455 1280 564 1350 quanta
579 1277 657 1333 enim
672 1274 748 1351 fregi
764 1272 856 1342 mata,

169 1368 235 1438 quet
249 1357 362 1419 scelera
379 1357 487 1418 nudus.
518 1357 658 1435 quicquid
673 1359 794 1419 inmane
809 1356 936 1425 obstitit,

169 1444 242 1505 sutae
259 1460 364 1503 manus
379 1450 524 1503 strauere.
554 1460 610 1503 nec
627 1442 744 1503 iuuenis
759 1441 838 1502 feras

169 1530 247 1588 timui
263 1546 320 1588 nec
336 1527 442 1588 inians.
475 1526 613 1604 quicquid
630 1536 674 1587 est
689 1528 818 1596 iussum,
834 1525 901 1589 leue
917 1536 962 1587 est

171 1630 220 1673 nec
232 1612 291 1673 ulla
308 1611 393 1672 uobis
409 1611 507 1688 segnis
522 1610 628 1671 inluxit
643 1610 713 1673 dies
1100 1622 1134 1670 cu

170 1705 305 1775 squama
322 1695 385 1756 iudi
401 1702 533 1755 monstra
549 1714 625 1774 quac
641 1695 741 1757 nuilus
756 1695 830 1758 mihi

171 1800 219 1841 rex
232 1782 399 1859 imperauit.
432 1781 538 1840 institit
553 1780 647 1841 uirtus
662 1780 736 1841 mihi

172 1864 278 1926 lunone
294 1866 386 1943 peior.
419 1862 470 1923 sed
488 1864 559 1942 quid
575 1864 747 1941 inpauidnm
763 1881 859 1940 genus

172 1950 269 2011 iecisse
284 1948 425 2027 prodest?
447 1966 506 2009 nun
521 1948 633 2009 hahent
647 1967 752 2027 pacem
768 1949 832 2009 dei:

173 2043 289 2113 purgata
305 2033 393 2094 tellus
410 2034 505 2093 omnis
520 2034 550 2092 in
567 2033 649 2093 caelo
665 2034 746 2095 uidet

173 2119 375 2197 quodcumque
390 2120 501 2179 timuit:
525 2118 676 2180 transtulit
690 2118 764 2180 lunc
778 2120 866 2180 ieras.
928 2176 931 2181 ,

174 2205 259 2264 ambit
273 2212 446 2283 peremptus
462 2221 569 2264 cancer
585 2204 739 2264 ardentem
755 2203 871 2281 plagam

174 2287 332 2368 Libyaeque
349 2289 431 2349 sidus
446 2287 542 2349 iertur
558 2295 587 2348 et
602 2306 714 2349 messes
729 2287 787 2350 alit.

174 2391 273 2433 auruum
289 2376 425 2451 fugacem
441 2373 530 2433 tradit
545 2373 685 2434 Astraeae
700 2373 763 2443 teo,

175 2465 200 2515 at
213 2459 272 2536 ipse
287 2461 400 2519 iactans
416 2457 561 2519 feruidam
577 2455 654 2519 collo
670 2457 769 2520 iubam

176 2551 296 2602 austrum
313 2542 480 2602 madentem
498 2543 590 2603 siccat
605 2550 634 2604 et
649 2542 767 2604 nimbus
782 2544 868 2620 rapit.

235 2713 266 2761 47
284 2713 395 2762 Luxata
412 2728 463 2777 per
479 2725 523 2762 me
542 2727 595 2761 nux
613 2713 638 2761 A
665 2712 700 2761 L.
718 2728 767 2776 per
785 2727 828 2762 me
847 2718 955 2762 estnon
972 2713 996 2761 R
1017 2712 1085 2761 Lus-

177 2782 231 2826 scta
252 2782 326 2844 prior
350 2783 393 2829 est
415 2795 469 2830 uox
487 2779 513 2827 Ε
542 2779 653 2830 Laxata
671 2780 758 2843 peior
776 2795 829 2830 ncx
853 2779 932 2834 Gron.
963 2780 1085 2830 Lassata

177 2858 219 2903 per
230 2862 279 2896 me.
298 2847 359 2897 Nox
373 2847 425 2896 GR.
439 2843 451 2912 ΙΙ
463 2849 496 2896 48
511 2846 665 2896 incucurrit
677 2847 703 2896 E
720 2848 839 2896 incurrit
851 2856 874 2910 cp
894 2847 1014 2897 cucurrit
1027 2849 1051 2896 A
1073 2848 1085 2910 i!

177 2913 204 2961 49
224 2914 299 2964 Unde
323 2929 402 2964 omne
426 2918 499 2963 retro
525 2917 568 2962 est
590 2913 616 2962 E
644 2914 725 2965 Unde
747 2931 828 2965 nemo
851 2920 925 2966 retro
948 2923 972 2979 ψ
996 2917 1086 2976 (retro

180 2985 215 3030 est
236 2981 271 3044 R)
305 2980 337 3032 U.
361 2985 435 3032 retro
458 2997 538 3031 nemo
562 2996 581 3030 α
615 2981 701 3032 Nemo
727 2983 798 3032 unde
822 2987 894 3034 retro
917 2984 1013 3046 rcriprt‘
1033 2999 1086 3032 cum

180 3047 291 3099 Ascensic
303 3044 314 3114 Η
327 3051 358 3100 51
378 3049 558 3113 Quacumque
578 3049 640 3099 R13
653 3045 664 3114 Η
675 3052 779 3114 pressit
797 3050 821 3098 E
833 3047 845 3117 ΙΙ
856 3065 969 3116 perseus
987 3051 1043 3101 mei
1061 3051 1087 3099 Ε

180 3117 235 3164 nude
246 3117 351 3166 Nereus
364 3117 419 3167 mei
432 3120 463 3170 οἱ.
479 3117 552 3166 NHc.
565 3111 577 3181 ΙΙ
590 3131 671 3180 qnam
684 3133 835 3183 prosequor
848 3119 872 3167 A
910 3121 941 3169 52
960 3133 1050 3183 uagus
1062 3118 1086 3166 E

180 3195 272 3233 uacuus
289 3185 314 3233 A
345 3185 454 3234 uarius
471 3185 620 3248 scripserim
637 3188 702 3234 conl.
719 3202 760 3238 uu.
779 3187 812 3236 65
830 3188 862 3235 ‘12
920 3188 1011 3250 potuit
1027 3186 1053 3235 E
1072 3188 1085 3249 Η

181 3247 219 3298 54¹³
235 3253 276 3300 55³
294 3252 385 3304 absunt
406 3251 489 3302 cliro
512 3255 524 3318 Η
547 3253 580 3302 56
604 3257 711 3316 quanta
728 3267 801 3303 nnnc
820 3255 892 3318 fregi
910 3271 931 3304 ω
962 3271 988 3319 q.
1009 3271 1088 3318 cop-

181 3315 243 3381 fregi
259 3320 329 3369 DeIr.
361 3336 387 3384 q.
413 3320 499 3369 enim
522 3320 542 3369 f.
563 3320 611 3371 Bo.
642 3325 746 3384 quante
766 3321 870 3372 adhuc
888 3325 920 3372 ci.
942 3323 995 3374 GR.
1018 3319 1031 3390 ss
1054 3324 1087 3373 59

181 3381 233 3434 leue
250 3392 290 3437 est
308 3389 348 3438 eA
369 3391 413 3438 est
430 3403 476 3438 um.
495 3384 587 3454 rpssfit
605 3388 658 3437 Fra
681 3388 774 3438 isseE
792 3387 969 3456 FecisseAl}
981 3393 1013 3443 68
1032 3391 1088 3441 far·

182 3453 219 3499 tur
235 3459 259 3504 et
275 3471 309 3504 m.
329 3473 351 3505 ω
369 3455 493 3505 fertilis
511 3471 545 3504 m.
566 3456 642 3505 NHs.
661 3405 798 3522 &menses
816 3457 842 3506 E
860 3472 964 3508 messes
983 3461 1008 3509 A
1025 3455 1037 3524 Η
1055 3460 1088 3510 69

183 3517 295 3582 fugacem
307 3523 333 3572 Ε
349 3524 423 3575 Vasa.
438 3524 543 3574 [Puris.
562 3524 690 3588 fugacem
704 3524 881 3576 Grououiunuc
899 3526 1014 3592 fugatae
1028 3529 1053 3577 A
1073 3527 1087 3590 Η

183 3586 209 3634 ’10
223 3588 277 3652 ipse
295 3591 320 3640 Ε
339 3590 387 3640 ilie
406 3591 431 3640 A
444 3587 456 3648 ll
474 3591 533 3642 calc
552 3591 612 3654 nu
633 3591 719 3642 collo
737 3609 756 3642 α
774 3595 809 3655 cf.
827 3595 907 3644 Herc.
929 3593 947 3642 I
964 3611 987 3642 n.
1001 3597 1053 3644 953
1074 3594 1087 3656 Η

185 3652 210 3700 tl
226 3659 294 3721 rapit
312 3658 337 3706 Ε
355 3657 442 3708 trehit
460 3660 485 3708 A
509 3655 521 3724 Η

225 3753 340 3791 senecae
356 3757 437 3794 runc.
543 3772 545 3775 -
841 3743 884 3804 24
