2750 4250
552 342 715 392 enerues
1024 329 1089 396 269

164 512 179 546 o
264 482 359 546 Soluet
371 482 453 544 buno
468 490 605 561 questum
619 481 817 561 lacrimasque
834 490 952 546 nostras

227 575 334 648 sparget
347 568 405 628 bue
419 566 491 628 illuc
506 570 616 646 agitata
632 566 735 630 classis

227 661 252 715 et
264 652 328 714 tuba
344 654 415 714 iussi
429 653 500 715 dare
515 651 582 714 uela
597 660 719 723 nautae,

225 757 284 799 eum
298 738 382 800 simul
398 739 496 800 uentis
511 745 692 818 properante
708 755 791 800 remo

225 823 388 902 prenderint
402 821 493 884 altum
509 823 680 902 fugiantque
696 823 773 885 litus.

225 909 283 988 quis
295 916 386 970 status
401 909 508 970 mentis
523 909 641 970 miseris
654 906 707 968 ubi
723 910 820 970 omnis

224 1001 294 1056 terra
309 993 460 1054 decresset
475 993 658 1073 pelagusque
673 1004 804 1063 crescet,

225 1076 293 1138 celsa
308 1096 374 1139 oum
390 1077 475 1156 longe
490 1077 615 1140 latitabit
629 1076 701 1138 lde?

174 1248 180 1266 '
260 1246 331 1308 Tum
347 1264 422 1324 puer
436 1249 525 1308 matri
540 1251 735 1326 genetrixque
749 1257 818 1308 nato

222 1331 304 1392 Troia
319 1349 376 1411 qua
391 1336 507 1408 squalet
520 1334 643 1411 regione
658 1341 826 1394 monstrans

222 1417 294 1478 diest
309 1428 339 1478 et
352 1416 441 1495 longe
456 1417 549 1495 digito
563 1417 694 1478 notabit:

222 1500 301 1562 llium
317 1510 362 1563 est
376 1500 438 1563 illie
452 1501 505 1564 ubi
519 1503 618 1564 lumus
633 1502 692 1564 alte

220 1591 306 1666 serpit
319 1588 349 1647 in
365 1586 478 1648 eaelum
494 1587 680 1666 nebulaeque
696 1596 808 1666 turpes.

219 1670 306 1732 Troes
321 1672 378 1733 boo
393 1676 478 1751 signo
493 1675 619 1752 patriam
636 1673 788 1734 uidebunt.

319 2195 479 2244 NVNTIVS.
503 2194 653 2243 HEOVBA.
677 2195 934 2245 subnotemus.

159 2374 174 2406 α
227 2349 331 2413 Odura
345 2351 404 2413 lata
420 2371 510 2415 saeua
524 2353 693 2415 miseranda
708 2353 846 2415 horrida:

184 2434 255 2511 quod
270 2445 326 2497 tam
342 2437 437 2499 lerum
454 2446 513 2499 tam
530 2439 613 2500 triste
627 2437 674 2500 bis
690 2438 788 2519 quinis
803 2436 900 2501 scelus

184 2518 254 2580 llars
267 2522 337 2582 uidit
350 2524 454 2583 annisi
477 2522 547 2602 quid
563 2525 646 2602 prius
660 2525 795 2585 reterens
810 2542 925 2603 gemam

183 2612 277 2667 tuosne
290 2608 387 2687 potius
401 2625 439 2668 an
455 2615 522 2669 tuos
537 2607 669 2669 luctus
682 2609 778 2669 anus?
926 2662 940 2687 ,

159 2687 179 2744 α’
223 2702 296 2753 nnc.
319 2694 528 2773 Quoscumque
543 2692 668 2755 luctus
682 2693 818 2762 lleneris,
833 2692 918 2753 flebis
933 2710 1025 2755 meos.
1110 2706 1176 2757 1070

186 2900 374 2913 ———

243 3050 305 3099 1052
319 3054 446 3115 questum
459 3048 510 3098 ΕΑ
530 3054 622 3099 retum
634 3057 658 3113 ψ
671 3048 789 3115 Soatiper
800 3046 811 3116 ΙΙ
826 3051 891 3102 toea
909 3048 990 3100 simul
1004 3050 1028 3099 Il
1048 3065 1090 3101 se-

185 3112 231 3163 mel
250 3116 274 3165 A
303 3114 316 3183 b
345 3117 412 3168 1060
437 3117 597 3183 fugientque
616 3117 668 3167 ΕΑ
699 3118 885 3183 fugietqueqb
915 3114 927 3184 11
956 3120 1021 3169 1058
1044 3118 1091 3169 00·

186 3188 294 3233 00000001
305 3185 331 3233 Ε
342 3181 355 3251 ΙΙ
367 3186 432 3236 1061
446 3186 592 3236 100001οΑ
612 3185 688 3235 stab
697 3190 730 3235 at
744 3186 796 3237 ult.
817 3186 951 3250 0000101
963 3188 1064 3252 scripsi.
1083 3185 1092 3249 11

187 3249 241 3300 1063
257 3252 323 3301 11100
341 3253 367 3302 E
390 3252 448 3303 11110
467 3253 492 3301 Α
522 3251 534 3319 ΙΙ
567 3256 625 3305 Vol,
644 3254 745 3303 Probras
763 3256 822 3308 inst.
841 3262 892 3304 nrt.
910 3272 936 3319 p.
957 3258 1002 3315 75,
1024 3256 1091 3305 3L.

186 3313 280 3369 000000
306 3321 335 3369 in
362 3321 482 3371 Hecube
510 3321 749 3384 hendecasyllabo
776 3322 805 3371 in
832 3323 968 3388 sapphiro
994 3337 1092 3373 uersu:

187 3383 269 3436 ‘Ilium
292 3404 317 3438 e.
335 3388 396 3438 illio
414 3389 462 3439 ubi
479 3390 499 3438 f.
518 3389 593 3439 elte’
622 3386 634 3456 Η
659 3396 722 3453 post
743 3407 766 3438 0.
787 3390 852 3441 1065
874 3392 1004 3441 excidisse
1029 3392 1093 3442 datos

186 3448 398 3521 lmdeoaepllobos
425 3473 479 3506 cum
502 3454 595 3508 000010
617 3458 678 3507 naibi
696 3474 848 3521 persuasum
871 3466 917 3509 est.
946 3460 1011 3509 idem
1034 3474 1093 3509 ren·

186 3522 227 3568 000
247 3524 297 3574 (tlt.
327 3521 339 3591 ll
369 3524 1006 3577 NVNTIVS·HECVBA·ANDROMAOHA
1030 3526 1093 3589 eq

187 3583 330 3643 lll’ll'llVS
345 3617 351 3631 ·
366 3593 624 3644 ANDROMACHA
638 3618 644 3631 ·
658 3594 808 3644 HECVBA
821 3596 846 3644 A
857 3590 870 3663 Ι]
883 3596 948 3645 1060
961 3592 1029 3645 dure
1041 3592 1091 3659 Εψ

188 3651 236 3707 dire
252 3661 276 3709 A
299 3656 312 3727 [l
335 3662 401 3711 1067
421 3662 539 3712 bissenis
556 3670 581 3725 ψ
604 3658 616 3728 {l
640 3662 706 3712 1068
725 3662 847 3725 quiricus
867 3663 938 3726 quod
956 3662 981 3711 A
1005 3659 1017 3727 ΙΙ
