2750 4250
328 332 369 397 68
609 347 640 394 u.
657 345 790 394 anunm
806 345 962 395 smmum

295 507 311 556 d
372 488 475 549 Hunc
491 487 604 549 facinus
619 488 725 566 ingens
741 503 831 548 ausus
846 493 995 566 assumpta
1011 488 1040 547 in
1056 485 1152 548 scelus

328 580 466 635 consorte
481 573 575 632 nostri
590 572 722 649 perfidus
737 570 859 632 thalami
875 571 984 633 auehit.
1243 589 1263 638 Β

328 659 397 719 hinc
413 675 501 718 omne
517 656 609 718 cladis
624 665 745 718 mutuae
759 655 844 718 duxit
858 655 977 718 malum.

328 762 383 822 per
398 760 491 822 regua
507 742 641 823 trepidus
657 741 726 803 exul
742 743 842 803 erraui
856 761 931 803 mea.

329 847 397 910 pars
412 827 492 889 nulla
508 829 625 907 generis
639 835 701 888 tnta
718 827 754 888 ab
770 828 881 889 insidiis
897 835 992 888 uacat.

294 924 320 981 d'
375 915 522 992 Corrupta
537 915 682 981 coniunx,
700 913 806 992 imperi
822 930 929 991 quassa
944 920 989 973 est
1003 913 1083 982 fides,

330 1000 435 1060 domus
452 1016 555 1078 aegra,
573 997 680 1059 dubius
696 999 816 1076 sanguis
831 1005 891 1067 est,
910 999 984 1059 certi
999 998 1072 1060 nihil
1247 1012 1257 1058 n

331 1086 387 1146 nisi
401 1083 494 1144 frater
509 1083 610 1145 hostis.
638 1083 708 1163 quid
724 1084 844 1162 stupes?
861 1082 980 1144 tandem
995 1084 1092 1162 incipe

331 1170 489 1246 animoque
504 1186 589 1229 sume
604 1166 760 1230 Tantalum
778 1176 806 1229 et
821 1167 963 1248 Pelopem
978 1171 1090 1246 aspice:

330 1256 367 1316 ad
382 1255 457 1315 haec
472 1272 577 1314 manus
593 1252 728 1333 exempla
744 1260 908 1332 poscuntur
924 1271 1016 1314 meae.

297 1359 314 1408 a
374 1338 499 1400 Profare
514 1339 611 1399 dirum
627 1356 684 1417 qua
701 1346 791 1418 caput
806 1347 934 1400 mactem
949 1341 1007 1399 uia.

331 1439 404 1487 ΒΛΤ.
433 1423 513 1487 ferro
529 1431 705 1503 peremptus
718 1423 853 1502 spiritum
868 1425 1021 1485 inimicum
1039 1434 1155 1503 expuat.
1248 1467 1258 1514 „2

331 1524 409 1571 ΛΤΒ.
437 1509 474 1570 de
489 1510 549 1570 fine
563 1526 678 1588 poenae
693 1507 835 1588 loqueris,
852 1527 907 1588 ego
925 1525 1051 1587 poenam
1068 1509 1145 1572 uolo.

332 1596 458 1675 perimat
471 1602 614 1674 tyrannus
630 1592 720 1665 lenis,
736 1595 767 1654 in
782 1611 877 1673 regno
892 1613 959 1656 meo

331 1698 412 1742 mors
429 1681 605 1758 inpetratur.

333 1780 407 1828 sar.
641 1763 720 1825 nulla
746 1771 773 1824 te
790 1767 911 1844 pietas
926 1766 1045 1826 mouet?

298 1866 322 1920 d'
377 1863 457 1910 ΛΤΒ.
481 1850 598 1912 Excede
613 1852 746 1930 pietas,
762 1853 787 1911 si
803 1850 891 1911 modo
906 1851 1053 1912 innostra
1070 1851 1157 1912 domo

332 1952 473 2013 umquam
489 1936 578 1996 suisti.
604 1935 669 1995 dira
685 1938 832 1999 furiarum
848 1936 958 1998 cohors
1248 1941 1268 1988 ’Β

334 2023 506 2098 discorsque
522 2021 650 2100 Erinnys
671 2025 772 2084 ueniat
787 2029 815 2082 ct
830 2020 963 2100 geminas
979 2023 1057 2084 iaces

334 2108 471 2183 Megaera
486 2107 630 2186 quatiens.
658 2125 719 2169 non
735 2108 805 2171 satis
820 2126 927 2197 magpo
945 2127 1044 2170 meum

334 2191 419 2252 ardet
432 2192 534 2253 surore
549 2199 667 2270 pectus,
683 2192 792 2273 inpleri
807 2194 888 2255 iuuat

335 2278 446 2349 maiore
460 2289 604 2339 monstro.

302 2384 316 2416 e
374 2374 449 2422 sur.
660 2364 736 2435 Quid
752 2366 823 2426 noui
837 2362 960 2426 rabidus
975 2365 1082 2425 struis?

336 2462 415 2507 ΛΤΒ.
438 2446 481 2507 nil
497 2447 576 2527 qnod
591 2447 736 2511 doloris
752 2452 848 2529 capiat
864 2452 973 2511 assueti
989 2451 1124 2512 modum.¹
1251 2456 1268 2505 u·

271 2592 293 2599 ,,
338 2531 450 2593 nullum
464 2528 629 2613 relinquam
646 2535 759 2596 facinus
775 2542 805 2597 et
819 2533 932 2597 nultum
946 2543 994 2603 ,est
1008 2538 1087 2597 satis.

302 2614 325 2673 e'
380 2628 455 2679 sur.
471 2617 616 2681 Ferrum?

337 2716 415 2763 ΛΤΒ.
584 2722 690 2783 parum
707 2713 760 2767 est,
889 2762 896 2779 ,

337 2802 410 2850 sur.
743 2790 813 2869 quid
829 2791 922 2870 ignis?
1220 2798 1237 2838 F·
1249 2793 1264 2835 [2

337 2888 416 2935 ΛΤΒ.
891 2878 1059 2937 etiamnunc
1074 2894 1178 2955 parum
1194 2880 1238 2935 est.

337 2973 412 3023 ΒΛΤ.
430 2976 557 3038 quonam
574 2977 646 3038 ergo
660 2959 721 3021 telo
737 2968 834 3022 tantus
851 2969 951 3023 utetur
967 2960 1094 3021 dolor?

337 3058 417 3105 ΛΤΒ.
432 3046 498 3122 ipso
514 3044 648 3125 Thyeste.

339 3143 413 3190 ΒΛΤ.
679 3132 774 3193 maius
790 3131 846 3193 hoc
861 3134 905 3194 ira
922 3141 966 3194 est
981 3130 1099 3193 malum.

309 3230 322 3279 f
374 3227 451 3274 ΛΤΒ.
480 3214 595 3276 Fateor.
624 3215 810 3279 tumultus
825 3227 946 3296 pectora
963 3221 1145 3279 attonitus
1161 3213 1264 3299 quatitt

338 3301 515 3378 penitusque
530 3299 632 3371 notun
648 3304 750 3381 rapior
767 3310 796 3364 et
811 3321 879 3383 quo
896 3305 1038 3374 nescio,

406 3506 455 3555 237
479 3486 583 3555 errauit
602 3507 627 3555 Α
655 3508 747 3557 erreui
765 3508 790 3557 E
823 3504 835 3575 ll
870 3509 920 3560 238
942 3505 1019 3561 nulla
1043 3509 1130 3560 nostri
1149 3506 1241 3574 (nostra

337 3572 409 3638 ψ)Α
433 3572 510 3623 nulla
529 3576 639 3639 generis
657 3575 724 3625 Edfi
758 3574 769 3643 li
811 3578 862 3629 244
879 3577 1024 3631 iactemld
1046 3582 1165 3630 mactem
1182 3578 1205 3629 Α
1224 3568 1233 3641 ΙΙ
1269 3626 1270 3631 ,

338 3642 389 3691 248
407 3645 571 3708 impetretur
589 3660 607 3692 α
637 3639 648 3708 Η
