2750 4250
290 325 357 392 408
697 343 840 393 rscsnrr

289 485 319 544 in
336 483 402 544 iuce
420 486 546 547 miseros
562 488 638 548 uita:
663 487 813 547 cariturae
827 483 957 546 Hercule

289 567 338 628 iux
357 569 424 628 uitis
439 572 493 630 ista
511 578 565 630 est.
596 573 714 650 exigam
728 589 842 651 poenas
855 571 907 632 tibi

287 653 472 733 reddamque
489 657 590 718 uitam.
622 657 681 717 iata
697 675 736 716 an
750 657 880 717 extendo
896 673 962 716 mea

287 748 477 818 mortemque
493 743 624 801 coniunx
641 742 678 801 ad
695 749 760 802 tuas
774 759 866 802 seruo
881 741 1006 801 manus?

287 824 424 884 uirtusne
439 834 578 902 superest
593 824 690 905 aliqua
708 835 738 887 et
752 836 885 887 armatae
898 843 1007 886 manus

287 907 442 969 intendere
459 927 561 970 arcum
578 909 636 971 teia
652 913 815 973 missurum
832 910 935 972 ualent

286 1008 323 1050 an
340 1011 422 1052 arma
439 1003 557 1054 cessant
572 1001 663 1073 teque
678 997 833 1074 languenti
849 1013 938 1056 manu

287 1092 345 1134 non
362 1076 444 1138 audit
459 1080 566 1138 arcus?
589 1081 614 1139 si
631 1090 719 1159 potes
734 1080 827 1142 tetum
844 1081 916 1141 dare

284 1160 418 1221 animose
433 1165 578 1232 coniunx,
596 1165 751 1226 dexteram
768 1175 895 1244 expeoto
913 1173 1012 1225 tuam:

284 1261 367 1304 mors
383 1244 545 1308 differatur.
578 1249 684 1329 frange
700 1258 734 1311 ut
749 1253 900 1311 insontem
916 1250 1045 1314 Lichan,

282 1326 355 1388 alias
371 1329 401 1388 in
418 1330 508 1391 urbes
523 1350 632 1411 sparge
648 1344 679 1394 et
693 1337 830 1412 ignotum
847 1334 902 1394 tibi

283 1412 398 1474 inmitte
414 1416 443 1473 in
461 1416 575 1476 orbem.
608 1419 702 1498 perde
719 1427 752 1480 ut
767 1420 913 1480 Arcadiae
928 1419 1015 1480 nefas

282 1505 312 1557 et
328 1498 468 1578 quiequid
486 1500 564 1561 aliud
581 1505 680 1564 cessit.
713 1503 833 1566 ahetiis
850 1511 950 1564 tamen
1200 1497 1253 1555 999ῑ

282 1583 411 1642 coniunx
427 1584 540 1645 redisti.

282 1677 364 1726 uro.
594 1689 684 1747 pareo
701 1673 760 1732 iam
776 1681 875 1734 mater
891 1691 1009 1752 precor.

281 1749 402 1824 ignosce
418 1752 493 1814 tatis.
525 1772 612 1816 error
628 1774 644 1815 a
662 1755 751 1834 culpa
768 1768 867 1819 uacat.

279 1845 400 1894 Dsinu.
418 1837 441 1896 si
458 1856 528 1898 nera
544 1839 638 1917 pietas
654 1841 740 1919 Hyde
756 1843 929 1921 quaerenda
947 1852 993 1903 est
1008 1842 1075 1903 tibi:

279 1915 338 1976 iarn
357 1921 468 1994 perime
485 1932 621 1984 matrem.
653 1927 770 2003 trepida
788 1929 859 2006 qrrid
877 1930 976 1988 renuit
992 1927 1112 1988 manus?

280 2001 350 2074 quid
367 2020 418 2062 ora
435 2005 549 2067 doctis?
572 2009 646 2068 haee
663 2011 719 2068 erit
736 2013 834 2088 pietas
849 2011 967 2073 scetus?
1196 2011 1228 2061 999
1245 2040 1248 2047 “

278 2085 386 2160 ignaue
402 2087 536 2151 dubitas?
561 2091 722 2154 Herculem
741 2097 840 2174 eripui
856 2096 925 2166 tibi,

346 2338 396 2389 973
415 2343 555 2395 cariturae
575 2354 614 2409 εψ
633 2351 764 2398 caritura
783 2366 803 2399 α
825 2348 839 2414 ΙΙ
863 2354 915 2402 974
933 2354 995 2403 Lux
1013 2353 1062 2403 illo
1078 2351 1185 2403 sistatd

276 2402 338 2453 Lux
361 2407 426 2457 uilis
450 2408 505 2461 ista
529 2417 573 2461 eut
591 2414 616 2463 A
649 2416 705 2478 (est
722 2433 770 2467 om.
789 2419 865 2482 1110)
895 2422 961 2469 Lux
977 2422 1034 2471 iste
1056 2423 1137 2473 satis
1152 2425 1185 2469 est

276 2473 318 2519 nel
340 2472 372 2522 L.
398 2475 416 2524 i.
441 2483 555 2529 restat
579 2497 665 2545 quea
691 2485 793 2549 exigat
819 2486 900 2543 Gron.
932 2489 994 2537 Lux
1015 2490 1070 2539 ista
1091 2490 1128 2539 sit
1146 2490 1185 2538 sat

276 2537 375 2591 IGron.
399 2537 410 2607 Η
435 2546 531 2610 exigat
548 2548 573 2595 Ε
593 2551 703 2615 exigam
722 2554 748 2601 A
768 2548 781 2618 Η
802 2553 859 2603 sibi
877 2556 904 2603 Ε
922 2556 976 2605 tibi
995 2558 1019 2606 A
1042 2554 1055 2623 {J
1076 2560 1122 2608 975
1137 2559 1186 2608 fate

277 2620 313 2653 an
331 2606 357 2654 E
375 2608 473 2661 fatone
492 2614 518 2663 A
535 2610 546 2680 11
565 2619 685 2667 extendo
705 2620 756 2679 uo
775 2622 939 2673 extendum
957 2640 977 2672 α
992 2620 1004 2690 ΙΙ
1020 2627 1069 2676 976
1087 2626 1119 2676 ad
1134 2630 1183 2674 tuos

276 2672 325 2722 Eli
347 2675 376 2724 in
394 2682 457 2728 tuas
476 2682 500 2731 A
523 2678 535 2747 {l
557 2698 638 2735 seruo
660 2686 711 2736 ER
731 2689 855 2738 Delmani
873 2693 994 2756 plerique
1017 2708 1121 2745 seruam
1136 2693 1157 2745 A
1172 2689 1184 2755 11

276 2740 326 2790 977
345 2746 373 2792 et
391 2751 499 2797 armato
517 2765 615 2801 manns
634 2753 659 2802 Ε
671 2754 712 2803 ΝΕ
721 2770 740 2818 g
760 2756 928 2809 Germanicus
950 2763 978 2808 et
997 2768 1123 2813 armatae
1138 2778 1182 2811 ma-

276 2821 328 2887 nus
393 2813 491 2864 ualent
508 2818 615 2881 Lipsius
634 2820 794 2873 Sarmatica
813 2830 842 2874 et
860 2842 959 2875 manus
977 2828 1004 2877 A
1016 2824 1028 2893 ΙΙ
1038 2837 1098 2893 post
1113 2848 1134 2881 u.
1144 2832 1183 2880 977

277 2881 429 2941 interposita
451 2890 510 2932 eunt
533 2886 611 2936 daeo:
641 2888 698 2939 Seu
721 2889 794 2954 (sed
817 2892 856 2958 R)
886 2894 948 2944 dira
971 2910 1050 2948 soror
1076 2903 1116 2951 est
1135 2896 1183 2964 (est

278 2956 354 2993 soror
367 2946 399 3011 a)
420 2949 490 3000 adde
509 2968 552 3002 me
572 2956 699 3007 comitem
718 2961 775 3007 tuis
794 2960 819 3009 R
828 2976 847 3024 g
860 2962 922 3011 Rld
934 2963 955 3012 G
966 2965 1020 3015 uid.
1034 2970 1101 3018 odae
1113 2970 1155 3018 985
1170 2969 1182 3028 ti

278 3011 327 3059 978
346 3014 491 3067 missurum
504 3023 529 3068 A
549 3022 726 3074 misserorum
744 3027 798 3091 Eg
818 3025 831 3093 ll
851 3029 948 3079 ualent
965 3043 980 3081 ε
990 3035 1027 3095 g?
1045 3035 1119 3085 nolet
1134 3036 1154 3084 A
1170 3036 1182 3096 11

278 3078 328 3127 979
346 3080 388 3131 An
407 3099 485 3135 erma
504 3088 570 3138 edd)
583 3091 605 3140 11
617 3095 650 3146 al.
662 3094 730 3143 Pau.
759 3096 827 3145 Nun
846 3111 923 3147 erma
940 3112 958 3146 α
981 3099 1054 3153 Num
1071 3111 1094 3169 ψ
1114 3104 1181 3157 Nouo

277 3144 344 3193 Poll.
368 3145 380 3214 ΙΙ
403 3154 453 3203 980
471 3155 532 3205 Non
551 3159 629 3207 audit
648 3161 716 3210 ε11Ε
727 3162 751 3212 n
762 3167 806 3226 ap?
829 3166 898 3215 Nun
915 3164 994 3215 audit
1013 3187 1031 3219 α
1052 3172 1118 3223 Num
1132 3182 1153 3237 d
1168 3176 1178 3236 ΙΙ

280 3223 346 3260 areu
365 3216 389 3263 si
408 3220 431 3266 Ε
455 3218 466 3286 ΙΙ
489 3230 569 3286 potes
589 3228 852 3297 eItLipsiue(dE?)
876 3238 968 3298 potest
985 3237 1011 3285 A
1034 3234 1181 3307 Hiqtnmd'

278 3274 363 3356 ietpm
383 3283 405 3332 R
416 3289 450 3348 g?
464 3288 539 3341 1Ραὶ.
560 3293 646 3343 telum
665 3295 691 3345 A
704 3292 716 3362 ΙΙ
728 3300 777 3348 981
797 3299 925 3351 Animosa
942 3302 1179 3374 crememur)

279 3342 411 3423 Amineae
430 3354 453 3401 A
471 3352 483 3420 Η
500 3361 550 3408 984
567 3361 680 3411 Inmiito
699 3364 725 3412 Ε
744 3367 847 3419 Emitte
866 3371 890 3420 A
908 3365 920 3437 ΙΙ
938 3368 989 3419 985
1008 3379 1092 3426 eeosit
1108 3378 1129 3426 Ε
1144 3395 1179 3427 re·

280 3414 390 3493 strtrtA
404 3413 415 3484 Η
428 3420 462 3469 eb
480 3423 536 3473 illis
549 3443 570 3477 ω
589 3434 622 3477 et
640 3432 674 3480 eb
695 3432 755 3482 illis
775 3435 855 3486 Gron.
875 3453 893 3487 a
910 3434 1000 3486 bellis
1018 3441 1067 3497 Bo.
1088 3446 1180 3496 abel-

279 3490 327 3527 urs
350 3496 405 3545 apae
428 3491 593 3543 eonieceram.
623 3494 635 3563 ΙΙ
665 3502 715 3549 986
738 3502 803 3553 daeo
821 3506 902 3556 uerbo
923 3515 1008 3571 paros
1031 3511 1084 3562 iam
1103 3519 1178 3565 motor

279 3556 378 3627 pre-cor
396 3555 487 3605 desunt
505 3558 528 3605 Ε
540 3558 551 3623 ΙΙ
563 3564 613 3612 989
633 3568 743 3631 trepide
762 3571 788 3619 Ε
806 3574 910 3636 pauido
928 3564 1082 3635 Assrenuit
1098 3583 1119 3631 Ε
1134 3587 1179 3633 tre-

278 3617 1176 3717 mmpmmoefflmammmmmfflp›
