2750 4250
439 381 622 432 nuncupas
645 370 816 456 [nunnus]

181 526 228 587 sed
242 524 317 585 clara
334 525 437 584 uirtus.
466 525 518 602 qui
533 542 629 603 genus
644 525 735 586 iactat
749 545 845 597 sunm,

181 611 291 672 aliana
305 607 414 670 laudat.

150 692 166 750 i'
415 694 510 774 Rapta
525 693 578 755 sed
593 695 709 772 trepida
724 713 813 756 manu

181 787 287 858 sceptra
303 780 485 857 optinentur.
518 780 616 840 omnis
632 780 660 838 in
677 779 758 839 lerro
775 788 820 842 cst
834 781 922 844 salus.

181 866 251 944 quod
265 864 378 926 ciuibus
392 872 495 925 tenere
511 871 539 924 te
556 864 655 924 inuitis
671 866 757 935 scias,

180 951 288 1011 strictus
304 956 403 1010 tuctur
418 949 506 1010 ensis.
536 947 663 1010 alieno
679 951 709 1009 in
725 949 791 1011 loco

179 1036 243 1096 hant
256 1033 360 1095 stabile
375 1052 502 1112 regnum
520 1040 573 1094 est.

150 1142 166 1190 ι(
610 1118 673 1179 Vna
688 1120 740 1180 sed
756 1127 871 1184 nostras
885 1130 981 1201 polest

178 1204 292 1267 fundare
309 1205 390 1265 uires
405 1205 505 1265 iuncta
520 1203 614 1283 regali
630 1205 694 1265 lace
1104 1228 1154 1276 350

179 1291 362 1371 thalamisque
377 1290 496 1367 Megara
513 1289 602 1350 ducet
617 1297 647 1350 ct
661 1307 773 1368 genere
788 1289 900 1353 incluto

178 1379 283 1437 nouitas
298 1373 430 1435 colorem
447 1382 558 1436 nostra.
590 1392 649 1434 non
666 1375 811 1453 equidem
820 1395 891 1438 reor
945 1405 965 1424 ·

178 1461 233 1522 lore
248 1468 279 1520 ut
300 1467 451 1520 recusat
472 1478 506 1520 ac
522 1476 605 1519 meos
620 1466 743 1540 spernat
759 1468 849 1523 torna.

145 1545 167 1596 k'
214 1544 293 1615 Quod
308 1545 334 1604 si
349 1545 493 1624 inpotenti
509 1546 645 1623 pertinax
661 1545 759 1605 animo
774 1545 927 1617 abnuet,

177 1638 226 1691 stat
239 1631 356 1709 penitus
372 1647 488 1690 ornnem
505 1629 611 1691 tollere
627 1629 798 1690 herculeam
813 1631 944 1693 domum.
1103 1651 1155 1700 355

177 1716 275 1776 intridia
291 1714 402 1775 iactum
418 1733 453 1775 ac
468 1733 568 1775 sermo
583 1713 737 1794 popularis
752 1726 878 1792 premet.

177 1818 218 1860 ars
232 1801 324 1878 prima
341 1801 427 1877 regni
445 1807 489 1860 cst
503 1819 593 1879 posse
610 1824 624 1860 a
641 1799 782 1860 inuidiam
799 1803 869 1878 pati.

158 1893 346 1964 ‘temptemus
362 1885 462 1961 igitur.
492 1884 555 1945 lcrs
570 1884 652 1945 dedit
668 1885 754 1947 nohis
769 1883 879 1950 locum.

148 1973 168 2029 l'
214 1970 344 2048 Namque
360 1970 426 2048 ipsa
443 1970 517 2029 tristi
534 1973 625 2030 uestis
641 1969 766 2032 ohtentu
780 1978 869 2050 caput

177 2053 261 2116 uelata
276 2058 357 2116 iuxta
374 2054 526 2134 praesidas
541 2055 638 2115 adstat
653 2053 735 2127 deos,

177 2139 307 2221 laterique
323 2140 466 2201 adhaeret
480 2158 571 2202 uerus
586 2140 708 2202 Alcidae
723 2149 814 2203 sator.

157 2359 165 2405 i
214 2358 292 2405 nnn.
323 2343 468 2414 Quidnam
484 2345 539 2405 iste
555 2346 649 2404 nostri
664 2346 783 2421 generis
798 2346 918 2406 exitium
935 2364 969 2407 ac
984 2345 1048 2409 lues

177 2432 239 2491 noui
254 2430 354 2508 parat?
377 2428 447 2509 quid
463 2429 603 2505 temptat?
993 2456 999 2467 ·

177 2527 245 2575 nro.
621 2512 646 2572 0
662 2511 775 2574 clarum
791 2515 913 2575 trahens

178 2617 191 2657 a
204 2602 289 2678 stirpe
304 2616 415 2659 nomen
430 2600 527 2676 regia,
545 2597 641 2658 lacilis
656 2616 721 2658 mea

178 2702 327 2763 parumper
342 2690 414 2746 anre
429 2682 523 2744 uerha
538 2685 661 2760 patienti
678 2685 791 2762 excipe.

153 2780 169 2829 1⁰
215 2769 243 2829 Si
257 2779 376 2830 aeterna
392 2786 511 2847 semper
527 2769 610 2827 odia
626 2768 767 2829 mortales
781 2782 887 2845 gerant

247 3008 294 3058 345
317 3004 413 3072 raptas
427 3005 476 3055 sed
500 3005 525 3055 E
547 3002 559 3071 ll
587 3007 636 3056 346
659 3008 770 3071 optineo
794 3023 829 3057 eac
845 3007 973 3071 optinent
987 3008 1082 3069 fuctum

183 3074 203 3120 V
225 3071 236 3139 ll
266 3076 313 3125 alt
341 3081 437 3124 tenere
461 3078 489 3124 te
517 3073 566 3122 VA
603 3080 759 3136 teneturp
793 3082 839 3122 tur
860 3074 959 3140 syllaba
980 3076 1006 3124 in
1028 3093 1082 3127 raa.

179 3139 209 3188 hl
232 3139 243 3207 [Ι
268 3145 316 3193 349
345 3146 394 3192 aut
416 3140 450 3190 Ει
488 3138 499 3207 ΙΙ
534 3142 582 3191 351
607 3156 660 3205 que
679 3144 751 3191 abest
769 3142 827 3192 EV
856 3138 869 3209 ΙΙ
903 3142 941 3194 th.
960 3143 1082 3194 thebana

179 3206 249 3260 ducet
275 3211 301 3261 V
337 3208 350 3277 ΙΙ
391 3209 473 3261 ducat
501 3214 529 3259 et
551 3226 577 3274 g.
601 3210 691 3261 EVP
724 3210 807 3261 ducet
831 3227 846 3259 e
870 3227 897 3276 g.
921 3211 945 3260 A
984 3207 995 3276 ΙΙ
1032 3214 1083 3263 355

180 3275 232 3327 Stat
254 3278 352 3330 tollere
379 3278 489 3344 penitus
515 3293 622 3329 omnem
652 3280 708 3329 VP
723 3280 831 3329 Vratr'cl.
872 3279 936 3328 stat
963 3284 983 3331 t.
1007 3294 1031 3329 o.
1055 3296 1081 3345 p.

180 3344 211 3392 εΑ
238 3345 296 3397 stat
313 3364 340 3411 p.
361 3363 385 3399 ο.
407 3346 507 3397 tollere
531 3348 626 3411 scripsi
653 3344 664 3411 ΙΙ
693 3348 743 3397 356
767 3347 870 3398 fectum
889 3346 949 3412 E¹rp
977 3347 1082 3399 fastum

180 3414 219 3473 od
240 3411 251 3480 ll
272 3419 321 3469 357
340 3429 421 3479 posse
434 3419 462 3464 te
475 3413 568 3465 inmA
592 3420 619 3464 te
636 3415 708 3465 abest
727 3415 752 3465 E
761 3417 808 3481 Vp
826 3433 853 3482 p.
867 3415 903 3466 ad
913 3414 1082 3478 inuidiamp

181 3484 207 3527 et
225 3482 267 3531 nel
288 3486 321 3533 in
339 3484 395 3533 inu.
418 3482 470 3533 GR.
496 3483 559 3543 sort.
589 3483 714 3548 pondus
737 3484 860 3533 inuidiae
883 3485 951 3547 poti.
986 3480 999 3548 ΙΙ
1032 3487 1082 3535 358

181 3560 229 3597 sors
255 3552 343 3601 Vim
367 3567 398 3604 m.
416 3566 467 3599 aec.
497 3546 509 3615 Η
535 3551 628 3601 locum
646 3549 777 3600 nobisE¹
813 3547 824 3617 ΙΙ
859 3554 909 3602 359
927 3552 1042 3602 obtectu
1058 3554 1084 3601 V

181 3613 306 3672 lirant
330 3618 447 3668 obtentu
464 3616 564 3679 Edam
592 3615 606 3684 Η
632 3622 682 3671 360
700 3637 747 3671 om.
766 3618 800 3668 E¹
820 3622 846 3669 iu
862 3636 910 3684 mp.
927 3619 965 3668 Ε2
992 3616 1004 3685 ΙΙ
1031 3622 1082 3671 366

181 3686 371 3744 garantEVdE
393 3688 516 3751 agantA
541 3684 552 3753 ll

224 3800 337 3838 SENECAE
358 3802 442 3838 rhed.
855 3769 876 3830 2
