2750 4250
283 319 347 384 474
664 330 808 380 menam

283 487 386 536 runnu.
403 491 441 534 au
457 475 551 552 patiar
565 471 643 534 nitra
659 472 832 550 sanguinem
847 478 982 533 nustmm
996 473 1050 550 peti

282 563 396 621 inultus
412 567 441 620 et
456 565 641 636 contemptus
655 565 690 618 ut
703 555 801 618 subito
817 556 987 636 opprimar?
1169 565 1206 612 475

285 644 370 706 exitia
387 662 446 705 nou
462 644 579 722 fregere
593 649 758 704 summotus
772 641 878 721 prount

283 729 419 791 Plautum
436 737 523 809 atque
539 727 638 789 Siliam
655 727 789 806 pertinax
804 745 931 806 quorum
947 727 1027 788 iurur

283 823 380 876 armat
396 817 546 876 ministros
560 812 681 874 sceleris
694 813 726 872 in
742 812 862 873 eaedem
879 831 984 873 meam.

283 900 450 963 absentium
467 917 533 960 curn
549 907 666 960 maneat
680 900 769 959 etiam
784 899 889 976 ingens
904 897 989 958 iauur

284 988 313 1046 in
331 985 405 1047 urbe
421 993 521 1046 uestra
538 986 588 1064 qui
603 985 686 1045 iuuet
701 1001 769 1061 spes
784 981 919 1051 exutum,

283 1071 425 1132 tollantur
440 1071 540 1131 hostes
555 1081 625 1130 ense
639 1071 769 1148 suspecti
784 1069 866 1128 mibi.

283 1158 378 1216 inuisa
395 1156 523 1216 uuniunx
539 1163 643 1234 pereat
657 1161 687 1214 et
702 1171 804 1214 uarum
820 1151 876 1213 sibi

283 1241 405 1301 fratrem
421 1247 572 1318 sequatur.
603 1239 741 1318 quicquid
757 1237 906 1299 excelsum
923 1246 969 1299 est
983 1238 1071 1298 uariat.

284 1339 359 1387 snm
376 1324 510 1406 pulcrum
528 1327 658 1386 eminere
674 1333 719 1384 est
732 1325 810 1385 iuter
825 1322 955 1384 illustres
969 1325 1060 1392 uirus,

284 1411 439 1472 consulere
454 1411 567 1490 patriae
583 1427 708 1488 parcere
722 1408 837 1469 afflictis
853 1410 916 1470 iera

284 1497 373 1558 caede
389 1497 537 1558 abstinere
553 1503 670 1573 tempus
685 1502 774 1572 atque
789 1496 851 1555 irae
865 1494 938 1555 dare

284 1581 350 1642 urbi
366 1584 493 1661 quietem
509 1580 629 1642 saeculo
644 1598 748 1658 pacem
765 1598 829 1640 suu

284 1666 357 1728 baeu
373 1684 487 1728 summa
503 1666 611 1737 uirtus,
629 1668 740 1744 petitur
755 1665 811 1724 bae
825 1663 940 1725 eaelum
956 1667 1014 1724 uia.

283 1754 325 1812 sie
340 1751 390 1812 iile
404 1754 517 1831 patriae
532 1752 646 1829 primus
660 1754 811 1828 Augustus
825 1768 934 1828 parens

284 1835 454 1915 complexus
470 1845 548 1898 astra
565 1844 610 1898 est
626 1833 734 1896 uuiitur
750 1844 780 1895 et
793 1834 910 1914 templis
926 1835 1009 1896 deus.

283 1921 366 1982 ilium
382 1931 480 1982 tamen
497 1922 613 1982 fortuna
629 1922 749 1982 iactauit
765 1921 815 1979 diu

284 2015 362 2067 terra
379 2009 512 2086 marique
528 2025 581 2085 pur
597 2022 704 2083 graues
719 2004 791 2065 betti
807 2007 902 2071 uices,

282 2091 383 2154 hostes
398 2093 528 2172 parentis
544 2092 638 2153 donee
654 2094 802 2170 oppressit
819 2091 872 2150 sui.

282 2178 334 2238 tibi
350 2196 460 2238 numen
476 2180 630 2238 incruenta
647 2178 792 2237 summisit
808 2194 892 2236 suum

283 2270 312 2322 et
328 2263 408 2324 dedit
423 2261 554 2324 habenas
570 2264 676 2340 imperi
691 2261 771 2322 iaeiti
787 2278 875 2320 manu

282 2356 414 2423 nutuque
430 2359 526 2409 terras
541 2350 631 2407 maria
648 2346 775 2407 subiecit
789 2354 848 2405 tuu.

282 2432 392 2492 inuidia
408 2435 500 2495 tristis
516 2435 591 2493 uicta
608 2450 754 2492 consensu
772 2434 829 2510 piu.

282 2636 388 2699 Bapbet.
402 2636 565 2702 despectus?
584 2633 649 2702 (scit.
664 2634 825 2700 consensus)
844 2636 917 2684 ensis
929 2635 980 2684 Bo.
1000 2626 1183 2688 consensus?

282 2704 356 2753 ensis
369 2706 462 2757 erup,
475 2702 487 2773 11
499 2706 594 2755 faciet.
608 2702 901 2767 H00(0m.snrt.)1r13
914 2700 1044 2769 11414814
1059 2723 1095 2755 an
1105 2704 1183 2771 patiar

281 2770 345 2820 1413
357 2767 369 2837 11
380 2772 452 2822 nitro
465 2774 486 2825 0
497 2771 509 2840 11
525 2775 576 2826 478
587 2774 709 2823 inuictus
724 2773 809 2821 nostri
818 2773 920 2823 conces
936 2779 963 2821 et
974 2775 1041 2828 Pau.
1064 2773 1158 2823 inuitus
1169 2785 1183 2819 u

280 2836 389 2889 innisus
402 2847 427 2889 et
438 2842 544 2892 inuitus
556 2846 582 2892 in
594 2858 651 2895 mss.
664 2857 693 2891 se
706 2843 796 2904 lepisse
808 2846 919 2891 testatur
925 2840 1070 2893 Fabricius.
1086 2839 1183 2892 inultm

281 2904 426 2969 ciliapbet.
440 2912 474 2975 ef.
481 2912 554 2963 Med.
567 2912 617 2961 399
629 2906 641 2977 11
654 2913 801 2959 contentus
812 2910 877 2959 1413
888 2904 900 2975 11
912 2910 1053 2974 opprimar
1065 2912 1090 2960 A
1107 2899 1183 2961 o'mtt

281 2968 380 3030 (ultima
396 2978 473 3029 litera
488 2986 571 3029 utrum
588 2985 601 3029 t
617 2982 651 3029 sit
667 2994 701 3027 au
717 2992 732 3025 r
747 2992 798 3027 nun
813 2980 877 3028 sutis
893 2976 1028 3042 adparet.)
1045 2979 1109 3029 1413
1119 2926 1183 3044 ism

280 3050 336 3085 non
348 3042 374 3090 A
392 3046 440 3095 uix
462 3049 486 3098 V
502 3044 513 3113 11
529 3048 579 3099 477
599 3062 712 3111 quorum
726 3047 854 3109 pertinax
872 3046 893 3095 0
910 3041 980 3112 1479
998 3047 1149 3097 absentium
1165 3042 1183 3090 Α

281 3102 427 3161 absentum
441 3116 566 3167 0141213
579 3114 651 3183 11480
665 3114 730 3179 quid
743 3114 890 3163 4014141413
906 3115 966 3178 1481
977 3114 1138 3179 tollerantur
1151 3112 1173 3160 V
1177 3109 1183 3170 1

281 3180 410 3232 suspensi
422 3182 485 3233 1412
507 3181 577 3250 1481
595 3185 691 3233 inuixa
708 3177 839 3246 14131111
856 3196 949 3231 earum
962 3198 981 3231 α
999 3187 1029 3233 et
1046 3174 1135 3232 'curum
1151 3174 1184 3242 ω1

278 3233 396 3289 4841411
415 3248 495 3316 14131
516 3258 560 3303 est
577 3254 697 3305 eminere
715 3251 778 3301 1413
798 3248 918 3300 eminere
936 3255 979 3300 est
997 3247 1046 3317 1111
1061 3251 1111 3301 487
1127 3245 1184 3299 Vrbi

279 3296 344 3347 ¹²¹3
356 3300 429 3367 41491
449 3317 506 3383 un.
518 3322 598 3371 urum
615 3316 723 3385 111491
736 3314 842 3380 'eterra
855 3314 1002 3384 11311493
1019 3319 1114 3368 hostes
1125 3331 1182 3367 cur.

278 3376 314 3409 ece
331 3365 443 3429 hostem
463 3373 488 3435 θ’
494 3383 505 3454 11
518 3390 656 3454 oppressit
674 3388 716 3437 sui
734 3387 760 3438 A
779 3385 915 3449 obpressit
931 3386 972 3451 tui
990 3383 1185 3450 saturentur

274 3425 326 3489 SE·
346 3436 399 3488 fibi
422 3448 447 3495 V
457 3448 470 3517 fl
481 3456 629 3508 incruente
648 3458 672 3507 A
691 3456 838 3505 incruenta
857 3453 969 3503 fortuna
987 3451 1184 3520 14121114ωωί-

613 3523 627 3565 l.
642 3520 743 3563 submisit

275 3541 508 3673 {ieta‘ffnfssssbmi‘st
526 3576 587 3625 urz
600 3578 625 3626 e
643 3576 760 3639 sumpsit
776 3573 797 3623 0
815 3573 1003 3625 samnitum
1018 3569 1031 3639 11
1047 3588 1091 3623 sm
1107 3572 1163 3622 nra
1177 3565 1184 3628 1

418 3645 471 3693 que
490 3643 516 3691 A
534 3646 667 3709 nutuique
690 3643 827 3693 7141213
850 3637 863 3706 11
