2750 4250
394 347 813 398 rnouursornvunnrcu.
1021 327 1080 394 121

177 497 289 568 rogante
302 497 393 569 ponat
407 496 510 559 matre,
526 490 577 567 qui
592 505 653 549 non
668 497 714 548 est
730 489 794 566 pius
1136 499 1187 550 tro

177 575 287 654 incipiat
300 592 315 635 a
330 592 388 634 me.
419 573 552 634 leruidos
566 573 690 634 iuuenes
705 588 779 633 anus

177 659 283 725 tenebo.
311 658 424 720 nullum
440 666 515 720 teste
530 677 579 720 me
594 659 645 718 liet
660 657 744 718 nolas
1099 667 1135 718 bo

178 753 221 805 aut
234 747 258 804 si
272 743 389 822 aliquod
403 753 433 804 et
447 761 495 804 me
510 752 587 804 teate
602 743 747 804 committi
761 748 860 821 potest

178 847 230 890 non
243 829 293 888 fiet
306 847 407 890 unum.

150 914 167 971 ε’
212 927 288 975 m.
439 913 528 992 Signa
544 910 670 973 conlatis
682 912 794 974 micant

178 1001 263 1059 uicina
278 1000 378 1077 signis,
402 995 515 1058 clamor
528 996 644 1057 hostilis
658 997 768 1058 tremit.

179 1083 264 1144 scelus
278 1085 309 1143 iu
324 1083 492 1162 propinquo
508 1090 568 1143 est:
583 1099 697 1161 occupa
714 1087 807 1142 mator
823 1097 937 1160 precer.

178 1173 203 1228 et
216 1186 280 1229 ecce
294 1175 391 1228 motos
404 1166 523 1227 fletibus
536 1166 642 1228 credas
656 1169 740 1234 mels,
849 1231 852 1237 ,

177 1255 214 1312 sic
226 1269 329 1330 agmen
344 1254 435 1312 armis
449 1269 541 1330 segne
556 1253 719 1332 conpositis
734 1252 825 1312 uenit.

177 1336 300 1415 procedit
314 1339 393 1398 acies
407 1337 501 1405 tarda,
518 1335 570 1397 sed
585 1344 750 1417 properant
765 1336 866 1398 duces.

148 1418 168 1477 ε’
213 1433 276 1484 loc.
300 1421 374 1492 Quis
388 1439 436 1482 me
450 1419 600 1500 procellae
613 1421 735 1483 turbine
750 1423 854 1484 insano
869 1419 983 1482 uehens

177 1507 288 1568 uolucer
303 1525 357 1586 por
372 1523 461 1567 auras
475 1513 581 1568 uentus
597 1505 744 1568 aetherias
759 1506 844 1584 aget?

178 1608 242 1668 quae
256 1591 369 1670 Sphinx
385 1590 435 1652 uel
449 1599 513 1652 atra
528 1583 610 1652 nub'e
623 1590 784 1653 eubtexens
799 1590 876 1652 diem

178 1675 344 1755 Stymphalia
361 1675 459 1737 auidis
473 1684 646 1756 praepetem
662 1678 769 1756 pennis
784 1674 878 1737 lereti

178 1770 219 1821 aut
232 1779 307 1840 quae
322 1778 377 1840 per
392 1760 465 1822 altas
479 1763 557 1823 aeris
571 1763 669 1838 rapiet
682 1762 747 1821 uias

180 1843 294 1926 llarpyia
310 1848 391 1907 saeui
406 1848 487 1924 regis
502 1846 667 1907 obseruans
682 1846 789 1906 famem

181 1939 205 1991 et
215 1933 289 1993 inter
305 1933 384 1992 acies
398 1931 524 2009 proiciet
538 1937 653 2008 raptam
668 1930 760 1991 duasl

147 2010 172 2070 e''
215 2029 285 2076 sar.
309 2015 394 2076 Vadit
410 2015 520 2077 lurenti
534 2014 637 2076 similia
647 2023 702 2075 aut
717 2016 803 2075 etiam
819 2014 900 2076 furit.

179 2103 270 2179 sagitta
286 2099 382 2181 qualia
399 2100 533 2180 parthica
549 2099 636 2162 uelox
651 2116 742 2162 mauu

179 2204 288 2247 excussa
304 2187 409 2257 lentur,
426 2185 523 2265 qualis
536 2186 640 2246 insano
652 2186 727 2253 ratis

179 2279 320 2348 promente
334 2278 427 2332 uento
441 2271 557 2349 rapitur
572 2279 622 2331 aut
636 2269 729 2349 qualis
745 2269 824 2331 cadit

179 2354 285 2433 delapsa
300 2355 384 2417 caelo
399 2354 491 2426 stella,
509 2373 576 2417 cum
592 2357 743 2432 stringens
756 2354 857 2435 polum

180 2449 279 2501 rectam
294 2442 390 2503 citatis
404 2440 524 2519 ignibus
538 2442 651 2519 rumpit
666 2441 761 2500 uiam:
904 2468 926 2512 p,
941 2466 1069 2511 xxxxv„
1101 2449 1134 2499 to

148 2518 170 2575 f
216 2526 339 2586 Attonita
355 2544 445 2587 cursu
461 2524 535 2603 ingit
549 2537 579 2586 ot
593 2525 678 2585 binas
693 2526 789 2585 statim

181 2609 281 2670 diduxit
296 2613 385 2671 acies.
413 2611 491 2670 uicta
507 2618 640 2672 materna
655 2628 747 2689 prece

180 2693 291 2755 haesere
304 2692 383 2755 bella
397 2696 517 2772 iamque
533 2696 562 2755 in
578 2693 721 2756 alternam
737 2712 841 2755 necem
1131 2707 1188 2757 430

180 2774 249 2838 illinc
262 2787 291 2839 et
304 2780 373 2840 binc
389 2781 514 2841 miscere
530 2782 683 2859 cupientes
698 2796 804 2840 manus

181 2860 274 2923 librata
289 2863 393 2925 dextra
409 2864 465 2925 tela
481 2882 624 2944 suspensa
639 2872 751 2925 tenent.
1100 2876 1133 2925 τῦ

182 2949 237 3023 paci
252 2948 374 3024 leuetur,
392 2950 524 3011 omnium
540 2949 654 3013 lerrrrm
670 2950 745 3009 iacet

237 3236 267 3287 51
284 3238 309 3287 ai
327 3236 399 3303 quod
416 3237 443 3287 A
461 3238 486 3287 oi
503 3235 610 3302 aliquot
627 3236 654 3285 E
675 3232 687 3303 ΙΙ
716 3236 749 3286 52
767 3236 849 3287 ANT.
864 3252 883 3287 α
900 3237 986 3287 omli
1003 3239 1084 3289 uerba

182 3302 337 3370 ‘tigneffidl
354 3320 456 3371 -pro
477 3320 492 3355 e
515 3308 573 3355 eot’
591 3300 648 3368 (54)
675 3306 763 3354 nuntio
785 3307 832 3355 dut
854 3303 982 3357 Swoboda
1010 3302 1021 3371 ll
1050 3308 1083 3357 bl

181 3375 255 3423 nuntio
269 3374 358 3423 tribuit
375 3372 426 3424 Bo.
454 3320 474 3438 {Y
494 3374 528 3424 58
550 3370 622 3423 loc.
640 3388 688 3425 om.
705 3372 731 3420 Ε
759 3368 772 3439 ss
799 3374 833 3425 db
851 3377 934 3439 atque
952 3374 1038 3424 etiam
1056 3374 1082 3423 Α

181 3444 223 3489 ant
237 3441 318 3523 etlam
337 3448 377 3506 εψ
399 3437 411 3508 ΙΙ
433 3442 467 3492 69
484 3440 600 3524 delppno
618 3440 644 3489 Ε
666 3436 679 3504 ΙΙ
702 3441 734 3489 72
753 3439 866 3521 deduxit
882 3448 905 3505 ψ
928 3436 941 3507 ΙΙ
964 3442 1082 3522 'ibinm-

180 3504 1085 3642 ppppfflfflapppppmppppmpteppsppppppaepppeppnpnppe

178 3640 249 3694 brata
265 3646 340 3697 Nlla.
367 3641 382 3712 ss
409 3648 443 3697 'ld
459 3646 530 3697 latet
548 3644 573 3694 Α
594 3642 671 3693 iacet
687 3644 714 3692 Ε
743 3640 755 3710 Η
