2750 4250
551 349 703 397 oldoinus

325 490 468 571 [audacis
482 494 552 552 uiue
562 471 664 552 ¹conns
678 488 800 571 audax]

320 575 457 655 quicquid
474 575 600 636 excessit
615 575 751 643 mudum,

319 660 426 738 pendet
440 658 570 721 instabili
586 659 662 721 inco.

360 830 418 891 Sed
435 831 505 909 quid
522 830 598 890 hoc?
621 837 722 908 postes
737 839 852 893 sonant.

317 923 447 976 maestus
463 935 501 976 en
516 914 645 976 tamutus
659 933 748 976 rnanu

318 1001 419 1078 regius
433 1017 577 1079 quassans
592 1010 690 1079 caput.

318 1086 373 1146 ede
389 1085 459 1165 quid
475 1095 579 1164 portes
594 1087 672 1146 noui.

543 1353 704 1402 NVNTIVS.

156 1532 168 1565 a
218 1509 361 1569 Praedicta
378 1517 533 1588 postquam
550 1510 608 1570 iata
623 1520 653 1570 et
668 1509 820 1570 infandum
837 1527 930 1586 genus

181 1593 324 1672 deprendit
339 1612 372 1653 ac
387 1613 420 1654 se
435 1593 549 1655 scelere
565 1595 735 1655 conuictum
752 1593 883 1672 Oedipus

181 1678 317 1739 damnauit
331 1680 408 1757 ipse,
425 1681 537 1757 regiam
554 1679 677 1740 infestus
693 1687 795 1757 petens

180 1765 263 1824 inuisa
278 1782 407 1843 propero
423 1771 499 1824 tecta
516 1766 683 1841 penetrauit
698 1765 800 1842 gradu.
886 1833 889 1840 ,

154 1855 168 1903 t
218 1849 311 1919 Qualis
326 1867 381 1926 per
397 1866 468 1909 arua
483 1846 597 1926 libycus
611 1851 716 1909 insanit
732 1849 778 1910 leo

181 1932 278 1994 iuluant
293 1935 401 1994 minaci
417 1934 516 1994 fronte
532 1935 706 1994 concutiens
722 1934 836 1996 iubam:

182 2017 268 2078 uultus
282 2019 383 2079 surore
397 2026 503 2079 toruus
518 2025 607 2097 atque
622 2017 702 2080 oculi
718 2028 831 2086 truces,

180 2106 294 2179 gemitus
309 2111 339 2165 et
353 2102 444 2164 altum
460 2121 597 2165 murmur
613 2112 643 2164 et
657 2103 773 2181 gelidus
788 2104 851 2165 iiuit

181 2188 260 2248 sudor
273 2207 327 2268 per
342 2196 440 2259 artus,
456 2197 575 2268 spumat
590 2197 619 2249 et
634 2189 728 2251 uoluit
744 2192 838 2251 urinas

180 2290 208 2332 ac
222 2292 332 2334 mersus
347 2274 406 2335 alte
421 2292 546 2351 maguus
562 2274 690 2335 exundat
706 2275 799 2336 dolor.

155 2355 174 2411 a'
217 2359 319 2419 Secum
334 2361 397 2438 ipse
413 2377 521 2420 saeuus
536 2360 649 2437 grande
664 2362 764 2421 nescio
780 2361 849 2438 quid
866 2368 950 2439 parat

180 2444 289 2519 suisque
304 2443 369 2504 ictis
384 2444 492 2505 simile.
523 2446 613 2524 ‘quid
630 2462 742 2523 poenas
758 2447 877 2506 moror?

121 2587 122 2592 ,
181 2528 226 2595 eit,
243 2528 317 2588 ‘boc
331 2528 490 2590 scelestum
506 2537 609 2607 pectus
625 2537 675 2590 aut
691 2530 770 2591 ferro
787 2539 868 2608 petat

181 2619 222 2670 aut
235 2613 346 2673 feruido
362 2612 468 2693 aliquis
483 2616 551 2691 igne
567 2613 614 2675 uei
630 2632 701 2675 saxo
718 2616 826 2678 domet.

155 2693 175 2750 b'
218 2697 295 2769 Quae
309 2700 393 2776 tigris
409 2707 460 2759 ant
475 2716 551 2775 quae
567 2717 654 2759 saeua
670 2700 836 2761 uisceribus
852 2703 926 2761 meis

181 2780 301 2843 incurret
314 2783 393 2844 aies?
416 2786 480 2861 ipse
496 2793 527 2843 tu
543 2784 690 2845 scelerum
707 2804 799 2863 capax
899 2835 902 2841 ,

181 2882 253 2925 sacer
268 2868 427 2929 Cithaeron
442 2868 491 2929 uei
508 2868 631 2929 ferasin
647 2888 695 2929 me
711 2879 777 2931 tuas

181 2952 268 3012 emitte
285 2952 380 3022 siluis,
398 2955 481 3014 mitte
497 2953 545 3014 uei
561 2954 681 3015 rabidos
698 2972 794 3016 canes,

182 3108 372 3121 h—

238 3208 285 3256 929
298 3206 420 3256 Audacia
430 3208 495 3256 uiae
510 3174 601 3257 cemes
612 3209 703 3258 audax
715 3206 850 3273 Elcomes
861 3209 975 3259 audacis
986 3208 1050 3259 uiue
1061 3210 1085 3258 A

184 3318 292 3370 compos
310 3308 455 3358 LMueiter.
474 3311 558 3359 deieci
573 3307 585 3375 ΙΙ
609 3312 659 3360 932
677 3310 730 3360 hoc
750 3310 772 3358 E
790 3311 834 3360 hic
853 3313 878 3361 Α
896 3309 907 3377 Η
931 3286 1009 3377 pdtes
1028 3311 1052 3359 E
1072 3313 1085 3373 ii

182 3380 270 3491 auu
284 3372 485 3509 ,inurent
498 3378 678 3510 tucca
692 3378 938 3513 ditastis:
953 3376 1087 3513 tices

184 3509 251 3557 satE
267 3526 404 3575 quassans
422 3512 446 3561 A
460 3508 471 3577 Η
488 3514 537 3563 936
556 3529 643 3577 genus
661 3513 713 3563 ΕΑ
732 3514 824 3564 scelus
842 3512 889 3581 ψΙΙ
901 3518 950 3566 943
969 3515 1028 3564 fluit
1047 3516 1086 3565 εΑ

184 3576 314 3658 ιιοΙειςψήΙ
330 3581 381 3629 948
399 3580 446 3628 Ait
464 3582 517 3630 hoc
535 3580 560 3629 E
583 3582 619 3630 Vt
637 3580 688 3632 hoc
706 3583 730 3630 A
748 3579 759 3647 ΙΙ
776 3584 824 3633 951
844 3582 979 3633 scelerum
1004 3582 1088 3647 (prius

185 3656 238 3694 eur.
254 3647 319 3711 rec.)
337 3643 448 3713 E11952
467 3654 530 3698 tuas
549 3649 597 3712 Εψ
615 3651 671 3699 tuis
690 3652 714 3698 A
738 3647 748 3714 Η
