2750 4250
312 267 377 340 '150
507 318 511 323 »
585 289 956 340 c.unntu1sunncuu
1037 257 1041 266 ’

312 438 342 491 at
356 432 381 489 si
396 431 463 508 quis
477 429 555 490 uitro
570 449 602 491 se
618 429 703 490 malis
719 431 805 491 offert
820 430 924 493 uolens
967 477 971 483 .

312 533 403 594 seque
419 516 482 594 ipse
496 523 632 594 torquet,
649 514 775 594 perdere
792 522 836 576 est
850 517 957 595 dignus
974 517 1048 579 hona
1205 530 1233 578 nt

313 602 379 679 quis
393 602 487 661 nescit
501 601 553 661 uti.
583 601 682 679 potius
699 618 844 662 annorum
860 619 976 664 memor

312 694 441 747 mentem
457 683 576 746 relaxa:
598 685 738 746 noctibus
753 685 835 747 iestis
850 687 946 748 facem

311 769 428 842 attolle,
452 788 539 831 curas
554 769 689 831 bacchus
706 778 848 832 exoneret
864 789 989 850 graues,

312 865 407 916 aetate
422 856 538 917 fruere:
561 854 663 916 mobili
678 872 768 916 cursu
785 855 868 935 fugit
911 901 915 910 .
1162 903 1165 910 .

277 941 301 1000 θ’
314 941 441 1016 abone
456 940 542 1001 facile
556 919 659 1018 pectus
674 951 757 1018 grata
775 959 854 1001 nunc
868 943 969 1004 iuueni
985 944 1094 1004 Venus:
1208 949 1236 998 tu

311 1025 422 1087 exultet
436 1027 560 1086 animus.
590 1044 645 1086 eur
661 1032 727 1086 toro
742 1026 945 1088 uiduoiaoes‘t

311 1112 426 1171 tristem
441 1111 592 1171 iuuentam
608 1111 707 1181 solue,
730 1128 811 1172 nunc
826 1129 931 1173 cursus
947 1130 1020 1190 rape

312 1195 431 1256 effunde
445 1195 577 1256 habenas
592 1198 719 1274 optimos
733 1197 813 1256 uitae
829 1195 891 1258 dies

311 1279 436 1340 effluere
450 1280 588 1359 prohibe.
618 1282 737 1358 propria
753 1281 908 1358 descripsit
923 1281 997 1342 deus

311 1365 407 1426 otiicia
423 1373 452 1426 et
466 1383 573 1426 aenum
589 1383 643 1443 per
658 1383 729 1427 suos
744 1366 827 1427 duxit
842 1365 959 1442 gradus.
1212 1371 1240 1420 tot

310 1448 418 1512 laetitia
433 1451 586 1521 iuuenem,
603 1451 687 1510 frons
702 1451 788 1512 decet
801 1451 892 1511 tristis
907 1467 1019 1512 senem.
1252 1453 1261 1520 t

268 1536 301 1597 o''
328 1578 334 1586 ·
356 1534 432 1605 Quid
447 1543 476 1595 te
492 1535 634 1596 coherces
649 1545 679 1595 et
694 1553 782 1596 necas
796 1543 907 1596 rectam
923 1533 1102 1620 indoiem20
1254 1523 1259 1623 ξ

309 1638 395 1699 seges
410 1618 458 1680 ilia
475 1637 614 1698 magnum
631 1620 717 1681 tenus
732 1619 879 1698 agricolae
895 1619 977 1680 dabit
1255 1626 1259 1654 ¹

311 1724 517 1785 quaecumque
533 1704 618 1764 laetis
632 1712 734 1766 tenera
751 1705 880 1766 luxuriat
895 1707 964 1766 satis

310 1789 460 1870 arborque
476 1788 555 1850 celso
570 1791 683 1851 uertice
700 1793 818 1852 euincet
833 1807 937 1852 nemus

214 1947 218 1954 Ι
309 1894 398 1954 quam
414 1892 474 1936 non
490 1873 616 1953 maligna
632 1875 728 1936 caedit
742 1885 793 1936 aut
807 1884 921 1936 resecat
936 1893 1051 1937 manus.

310 1961 428 2038 ingenia
444 1958 549 2020 metius
563 1968 643 2020 recta
660 1977 693 2020 se
708 1962 739 2021 in
754 1959 856 2022 laudes
871 1960 972 2021 ierunt

311 2046 336 2106 si
351 2043 480 2114 nobilem
496 2046 626 2105 animum
640 2053 746 2124 uegeta
761 2044 882 2106 libertas
897 2044 957 2106 alit.

268 2142 282 2192 f
353 2129 553 2193 Truculentus
569 2138 598 2191 et
612 2130 751 2192 siluester
766 2150 800 2191 ac
815 2133 892 2193 uitae
907 2133 1018 2193 inscius

311 2215 425 2278 tristem
441 2217 597 2278 inuentum
613 2217 729 2278 Venere
744 2216 860 2277 deserta
877 2216 959 2282 eolis.

310 2301 369 2362 hoc
385 2318 449 2362 esse
462 2320 571 2363 munus
587 2301 684 2362 credis
700 2302 841 2363 indictum
856 2302 944 2369 uiris,

311 2396 344 2448 ut
360 2386 433 2447 dura
450 2385 577 2448 tolerent
592 2386 731 2447 cursibus
746 2387 889 2447 domitent
904 2404 995 2465 equos

311 2480 340 2534 et
355 2490 443 2532 saeua
459 2470 537 2533 heila
552 2473 646 2533 Marte
661 2473 823 2550 sanguineo
839 2472 961 2549 gerant?

275 2585 293 2634 g
353 2557 484 2619 Excedat
498 2558 623 2635 agedum
641 2556 732 2618 rebus
747 2556 884 2617 humanis
899 2558 997 2617 Venus

309 2662 386 2723 quae
400 2642 518 2721 supplet
532 2660 567 2703 ac
582 2643 710 2703 restituit
725 2642 898 2703 exhaustum
915 2656 1023 2718 genus:

309 2728 391 2790 orbis
404 2728 512 2789 iacebit
526 2726 660 2807 squalido
676 2728 772 2806 turpis
786 2728 860 2794 situ,

298 2833 436 2888 uacuum
453 2815 517 2874 sine
532 2812 600 2873 uilis
616 2811 759 2872 classibus
774 2811 863 2872 stabit
877 2828 958 2871 mare

307 2901 428 2979 alesque
444 2898 528 2961 caeto
543 2898 619 2958 derit
635 2905 664 2958 et
678 2896 759 2959 siluis
775 2896 837 2957 iera

307 2987 378 3048 solis
394 2994 424 3046 et
438 2991 491 3046 aer
507 2983 630 3064 peruius
645 2984 742 3043 uentis
758 2983 823 3041 erit.

307 3157 510 3167 .-—---—.---

375 3258 426 3307 449
445 3258 504 3307 anti
516 3256 552 3305 E¹
571 3262 601 3306 ut
617 3257 642 3306 si
659 3254 696 3305 13³
708 3250 719 3322 Η
731 3257 781 3307 452
800 3254 938 3305 montibus
951 3254 976 3303 Α
995 3254 1121 3305 noctibus
1132 3248 1189 3301 dnh

307 3327 357 3377 ton
375 3325 455 3381 iuxue
473 3326 498 3374 A
521 3324 599 3374 lusus
617 3332 641 3387 ψ
664 3340 762 3375 cursus
779 3322 805 3372 E
829 3318 893 3386 (sps.
912 3339 930 3371 a
948 3325 966 3374 3
984 3338 1031 3372 m..·
1051 3326 1094 3385 ,ab
1111 3315 1187 3379 lusus)

307 3395 358 3443 460
376 3395 452 3444 ducit
470 3408 490 3442 α
509 3392 586 3442 duxit
604 3392 653 3455 Eur
676 3389 688 3458 ΙΙ
711 3394 761 3442 462
781 3388 918 3441 coheredes
935 3389 961 3439 Ε
977 3386 990 3456 ΙΙ
1009 3392 1060 3441 465
1079 3381 1210 3442 euincitA

307 3462 420 3512 euincet
433 3457 481 3525 ΕΠ
493 3461 543 3511 469
563 3476 577 3511 e
591 3461 667 3510 uitae
680 3462 706 3510 A
726 3476 759 3511 ac
773 3460 849 3509 uitae
862 3458 887 3508 Ε
897 3454 911 3525 Η
921 3460 973 3509 470
986 3459 1061 3509 coles
1080 3459 1105 3509 E
1115 3456 1126 3525 il
1140 3454 1213 3506 4⁷4-

306 3532 356 3580 476
377 3538 439 3597 post
461 3547 485 3579 u.
505 3531 557 3579 484
574 3531 690 3593 reiepuui
707 3536 812 3579 auctore
831 3526 898 3575 dP.
921 3522 934 3592 ss
961 3527 1012 3583 478
1035 3526 1154 3578 restituit
1170 3514 1212 3581 ΕΗ

306 3597 454 3650 humanum
475 3599 499 3647 A
521 3598 682 3647 exiraustum
702 3610 715 3646 ε
738 3593 749 3661 ΙΙ
