2750 4250
523 354 704 404 THYESTES

182 495 242 576 quid
256 495 291 554 sit
304 493 379 573 quod
395 493 512 566 horrea,
529 494 585 556 ede
603 504 633 558 et
647 501 802 556 auctorem
816 492 922 556 indica.

181 599 232 641 non
247 599 352 659 quaero
368 581 432 658 quis
447 580 495 649 sit,
510 580 565 641 aed
580 586 656 642 uter.
686 579 807 641 ellare
822 581 914 642 ocius.
1097 596 1147 646 640

155 704 166 736 0
216 679 311 726 uvur.
333 665 368 725 ln
382 681 453 725 arco
467 683 583 726 summa
599 663 736 745 poloniae
751 682 822 746 pars
838 671 882 726 est
897 664 1001 726 domus
1095 676 1119 727 0·
1130 675 1183 717 xv¹

181 769 309 811 conuersa
325 749 361 810 ad
377 756 504 819 austros,
522 755 610 812 cuius
625 757 791 812 extremum
806 748 883 812 latus
1027 760 1051 804 F·
1061 759 1184 804 cxxvlffl

181 835 288 915 aequale
302 837 397 896 monti
412 836 521 897 crescit
535 842 625 914 atque
639 834 747 898 urbem
761 837 871 914 premit

180 929 203 982 ct
214 927 413 981 contumacem
427 919 551 999 regibus
565 920 711 1001 populum
726 921 789 982 suia

179 1005 255 1065 habet
268 1004 321 1066 sub
338 1006 409 1065 ictu.
436 1004 530 1084 fulget
543 1006 592 1066 hic
607 1006 714 1067 turbae
729 1024 822 1084 capax
1102 1021 1151 1072 645

180 1093 283 1150 inmane
298 1097 426 1159 tectum,
443 1088 527 1152 cuius
542 1099 660 1153 auratae
675 1090 776 1153 trabes

179 1176 255 1236 uariis
269 1174 424 1236 columnae
440 1173 555 1236 nobiles
569 1176 694 1237 maculis
710 1175 819 1238 lerunt.

179 1267 234 1337 post
248 1262 299 1320 ista
314 1259 407 1338 uulgo
423 1268 492 1322 uota
507 1278 585 1340 quae
598 1260 702 1340 populi
718 1259 827 1331 colunt,

179 1343 298 1406 inmulta
315 1345 401 1406 diues
415 1346 508 1424 spatia
524 1344 648 1406 discedit
663 1345 779 1408 domus.

154 1443 172 1502 n'
214 1433 320 1492 Arcana
335 1431 368 1490 in
383 1431 444 1490 imo
459 1431 543 1508 regio
559 1448 679 1492 secessu
694 1432 778 1499 iacet,

181 1513 227 1575 alta
241 1521 388 1576 uetustum
404 1514 481 1576 ualle
497 1532 679 1595 conpescens
694 1531 810 1585 nemus,

179 1599 316 1677 penetrale
331 1601 435 1679 regni,
450 1598 530 1662 nulla
545 1618 605 1678 qua
618 1598 713 1662 laetos
728 1599 802 1662 solet

179 1684 310 1762 praebere
325 1703 426 1745 ramos
441 1684 531 1746 arbos
546 1692 598 1746 aul
612 1686 694 1746 lerro
711 1685 777 1754 coli,

180 1770 223 1830 sed
237 1776 317 1830 urus
333 1776 363 1830 et
378 1787 538 1847 cupressus
554 1778 583 1832 et
598 1770 683 1848 nigra
699 1768 767 1830 ilice

181 1853 292 1915 obscura
308 1861 393 1915 nutat
407 1853 496 1923 silua,
513 1872 604 1933 quam
618 1871 709 1933 supra
726 1854 859 1916 eminens
1103 1872 1152 1922 ono

180 1938 316 2017 despectat
330 1938 390 1999 alte
405 1957 535 2018 quercus
550 1948 579 2000 et
595 1940 687 2002 uincit
701 1957 815 2002 nemus.

180 2022 242 2083 hinc
256 2025 400 2104 auspicari
416 2041 509 2102 regua
524 2022 697 2088 Tantalidae
713 2022 817 2094 solent,

180 2107 242 2169 hinc
254 2116 355 2189 petere
371 2108 458 2170 lassis
472 2108 564 2171 rebus
578 2129 614 2171 ac
629 2109 726 2171 dubiis
742 2128 838 2190 opem.

149 2208 173 2266 „¹¹
217 2195 302 2255 lldxa
318 2195 476 2255 inhaerent
490 2196 582 2265 dona,
598 2194 719 2257 uocales
735 2195 823 2257 tubae

182 2277 315 2358 fractique
331 2298 438 2340 currus
453 2279 548 2360 spolia
563 2282 671 2360 myrtei
686 2282 787 2353 maris,

182 2364 323 2444 dictaeque
339 2363 420 2426 lalsis
435 2366 540 2427 axibus
554 2366 687 2445 pendent
701 2375 795 2437 rotae,

181 2455 205 2509 et
218 2467 299 2511 omne
314 2452 412 2529 gentis
427 2450 552 2521 lacinus,
568 2451 626 2511 hoc
640 2450 785 2531 phrygius
800 2448 867 2513 loeo

180 2534 245 2596 dnus
260 2537 347 2595 tiaras
362 2535 494 2615 Pelopis,
511 2536 561 2595 hic
575 2535 686 2616 praeda
703 2537 833 2597 hostium

144 2630 146 2634 ·
181 2627 204 2678 et
219 2620 251 2681 de
265 2620 418 2698 triumpho
434 2623 513 2700 picta
528 2620 688 2681 barbarico
705 2620 846 2700 chlamys.

181 2704 237 2764 lons
251 2714 306 2767 stat
320 2707 377 2766 suh
393 2706 499 2767 umbra
516 2707 609 2769 tristis
624 2712 654 2765 et
668 2709 754 2785 nigra
770 2707 856 2785 piger

238 2877 285 2925 639
310 2874 380 2925 effer
398 2880 524 2925 autorem
542 2877 567 2925 Α
599 2876 649 2925 ede
668 2881 696 2926 et
715 2881 855 2927 auctorem
874 2874 899 2925 Ε
922 2869 935 2941 Η
958 2874 1009 2924 640
1032 2888 1088 2923 non

181 2954 271 3003 quaero
289 2944 351 3009 quis
375 2945 413 2993 eit
431 2943 521 3007 sedqr
544 2946 605 3007 (nini
622 2947 691 3009 qnod
707 2960 757 2995 non
780 2946 855 2993 nulli:
878 2958 933 2993 non
952 2942 1013 3007 quis
1031 2939 1088 3001 sed,

181 3011 513 3076 m11nonqnidsitsed)
537 3026 592 3061 uon
611 3027 716 3077 quaero
735 3012 797 3077 quis
816 3011 865 3071 sed
884 3026 903 3061 oc
930 3024 985 3060 non
1005 3023 1088 3075 quero

182 3078 237 3139 qnid
252 3081 289 3129 eit
305 3079 356 3129 sed
373 3078 474 3130 undu
495 3075 509 3146 Ι]
536 3081 585 3130 641
603 3080 713 3146 pelopis
731 3094 795 3146 pars
814 3082 857 3130 est
875 3079 1010 3142 domuere
1040 3092 1087 3143 pe·

181 3143 242 3209 lopin
258 3162 313 3197 una
332 3152 459 3213 estpars
477 3147 573 3199 domus
592 3164 611 3199 oc
628 3150 764 3215 pelopeae
784 3162 848 3213 pars
868 3163 891 3197 e.
911 3146 936 3197 d.
954 3146 994 3197 Ml
1011 3145 1088 3211 pelo-

182 3227 257 3275 paeae
278 3232 304 3281 p.
324 3232 349 3267 e.
368 3215 395 3265 d.
414 3216 441 3265 Ε
467 3215 605 3282 pelopiae
628 3217 679 3269 Bo.
710 3213 722 3284 Η
756 3218 805 3267 647
830 3216 974 3266 columbae
993 3230 1012 3263 α
1043 3229 1088 3263 co-

182 3278 296 3347 lumpnae
319 3284 370 3348 Εψ
400 3281 411 3349 Η
441 3286 492 3335 660
510 3286 589 3350 regia
612 3300 726 3336 recessu
744 3284 769 3334 Α
793 3285 904 3349 regiae
934 3296 1046 3333 secessu
1065 3280 1090 3330 E

183 3352 248 3414 regio
265 3360 419 3417 secessum
443 3349 455 3419 ΙΙ
483 3354 599 3416 patetA
618 3355 695 3404 iacet
707 3353 773 3402 Em
796 3349 808 3419 ll
831 3352 881 3403 655
899 3350 1090 3485 suqreminena

183 3414 300 3484 ΕΗ658
318 3420 470 3471 lasaieAE
488 3421 586 3484 (laesia
604 3421 733 3484 Bada.)
755 3421 820 3471 etA
846 3419 918 3470 acE
947 3415 952 3485 l
981 3419 1029 3468 661
1048 3417 1089 3466 ui-

184 3488 271 3550 taeque
282 3488 308 3539 Ε
325 3490 477 3554 uictaeque
491 3490 516 3539 A
539 3488 832 3587 fultaequeci.lt⁷}1s.
856 3489 1039 3551 iunctaeque
1058 3485 1090 3533 ci.

184 3567 227 3647 βο.
252 3568 273 3707 lq
291 3576 341 3626 663
363 3575 462 3641 pelops
481 3574 506 3623 Ε
533 3572 547 3642 11
575 3572 786 3629 occemund
807 3572 866 3637 (sed
880 3587 899 3622 u
915 3589 932 3621 a
949 3574 964 3623 1
977 3585 1091 3621 mcorr.

184 3651 207 3685 m
215 3638 240 3701 y)
748 3690 752 3697 q
841 3722 887 3785 6*
