2750 4250
417 354 598 401 nunevuas
623 340 812 421 [caranus]
1013 340 1076 403 377

271 591 411 638 NVTRIX.
436 590 617 638 DEIANIRA.
642 585 784 635 LICHAS
805 586 967 641 TAOITVS.

204 748 229 808 0
246 765 332 827 quam
349 754 490 807 cruentus
506 746 630 807 feminas
645 745 776 806 stimulat
791 746 888 815 furor,

163 850 230 891 curn
247 833 339 909 patuit
355 847 412 892 una
429 830 534 909 paelici
551 838 579 891 et
594 838 704 909 nuptae
720 831 835 893 domus.

162 915 256 995 Scylla
273 926 301 977 et
317 914 480 995 Charybdis
495 914 587 976 sicula
603 923 805 992 contorquens
821 915 896 977 ireta

163 1004 258 1061 rninus
274 1008 318 1062 est
332 1000 476 1071 timenda,
493 998 572 1061 uuila
590 1018 651 1060 non
667 1000 773 1061 melior
789 1000 851 1062 iera
868 1008 921 1062 est.

162 1103 287 1163 namque
303 1094 335 1146 ut
350 1085 458 1145 reluxit
473 1084 591 1163 paelicis
607 1093 712 1164 captae
727 1086 817 1151 decus

163 1178 189 1228 et
206 1168 285 1231 fuisit
299 1169 361 1229 Iole
377 1170 472 1248 qualis
487 1169 607 1229 innubis
623 1171 684 1230 dies

161 1256 280 1330 purisue
296 1254 409 1315 clarum
426 1254 561 1315 noctibus
577 1255 657 1316 sidus
674 1256 776 1314 micat:

163 1340 240 1398 stetit
254 1340 365 1400 furenti
382 1338 483 1399 similis
498 1358 536 1399 ac·
548 1346 666 1399 toruum
683 1340 803 1400 intuens

162 1422 300 1484 herculea
317 1425 460 1494 coniunx,
477 1426 535 1486 seta
551 1433 583 1483 ut
599 1424 730 1483 armenia
745 1424 846 1486 iacens

164 1506 216 1567 sub
233 1526 308 1587 rupe
323 1510 408 1587 tigris
424 1508 507 1569 hoste
524 1516 683 1586 conspecto
699 1508 781 1568 exilit

165 1600 212 1651 aut
227 1594 303 1653 iussa
321 1594 454 1674 thyrsum
471 1600 593 1671 quatere
609 1602 786 1671 conceptum
803 1593 905 1655 furens

163 1694 280 1737 maenas
295 1677 423 1757 Lyaeum
441 1678 527 1737 dubia
545 1696 603 1755 quo
620 1695 741 1755 gressus
757 1680 840 1739 ierat.

164 1761 254 1823 haesit
271 1779 447 1842 parumper,
465 1770 526 1822 tuna
543 1780 596 1840 per
613 1762 769 1824 herculeos
785 1763 862 1823 iares

163 1848 281 1907 attonita
297 1848 408 1915 fertur,
425 1853 484 1906 tota
503 1848 550 1905 uix
567 1848 639 1906 satis
655 1854 700 1907 est
715 1847 835 1915 domus,

165 1930 285 1991 incurrit
301 1940 381 1991 errat
395 1932 480 1991 sistit.
512 1932 541 1989 in
558 1930 656 1991 uoltus
672 1932 759 1991 dolor

165 2018 303 2089 processit
318 2018 429 2085 omnis,
445 2017 558 2093 pectori
574 2034 668 2093 paene
683 2018 787 2076 intirno

164 2098 231 2159 nihii
248 2108 292 2160 est
307 2100 451 2162 relictum.
482 2100 569 2160 ile-tus
586 2102 751 2179 insequitur
767 2104 861 2163 minas

166 2200 215 2244 nec
231 2203 306 2245 unus
323 2185 441 2247 habitus
458 2185 546 2245 durat
562 2194 612 2246 aut
628 2205 686 2246 uno
704 2187 773 2247 iurit

166 2277 296 2329 contenta
311 2270 411 2332 uoltu:
434 2287 513 2329 nunc
528 2271 720 2331 inardescunt
735 2289 842 2348 genae,

167 2352 253 2428 pallor
269 2354 410 2415 ruborem
428 2353 510 2437 pellit
526 2363 555 2415 et
570 2356 681 2415 formas
698 2356 783 2416 dolor

167 2445 239 2497 errat
255 2457 308 2517 per
324 2457 444 2500 omnes:
469 2441 603 2518 queritur
620 2438 748 2518 inploret
763 2440 862 2518 gemit.

166 2538 284 2583 sonuere
300 2533 414 2602 postes:
440 2542 507 2584 ecce
524 2527 678 2603 praecipiti
694 2526 788 2601 gradu

167 2617 271 2668 secreta
287 2610 394 2668 mentis
410 2626 462 2667 ore
479 2608 601 2668 confuso
619 2611 721 2670 exerit.

166 2701 276 2751 nuruu.
294 2710 512 2772 quamcumque
528 2701 641 2771 partem
659 2695 735 2754 sedis
751 2694 900 2755 aetheriae
915 2697 1027 2773 premis

168 2778 284 2836 coniunx
302 2779 444 2844 tonantis,
462 2779 544 2837 rnitte
560 2778 588 2835 in
605 2777 725 2839 Alciden
742 2780 835 2840 seram

168 2874 233 2934 quae
250 2862 320 2921 mihi
336 2862 406 2922 satis
422 2863 466 2920 sit.
498 2863 521 2920 si
538 2881 593 2940 qua
611 2863 771 2924 fecundum
788 2870 876 2941 caput

168 2941 263 3017 palude
277 2954 337 3006 tota
353 2946 465 3006 uastior
481 2962 603 3024 serpens
619 2957 734 3023 mouet,

166 3082 361 3099 h—

224 3165 385 3229 NVTRIXR·
400 3165 578 3216 DEIANIRA
590 3165 641 3215 EA
661 3167 808 3217 LIOHAE
820 3184 908 3218 nomen
919 3170 1010 3219 addidi
1021 3185 1075 3218 cum

169 3231 215 3282 edd.
235 3228 247 3297 Η
267 3235 315 3284 236
334 3235 416 3285 NV'r.
435 3233 460 3280 E
478 3233 577 3282 Nutrix
596 3235 617 3283 R
635 3251 681 3284 om.
701 3236 725 3284 A
747 3233 759 3299 Η
779 3237 857 3286 furor
873 3236 898 3284 Ε
920 3236 997 3286 dolor
1015 3237 1041 3286 A
1060 3239 1073 3300 ΙΙ

170 3295 209 3347 240
225 3299 307 3351 decus
321 3319 342 3351 ω
362 3301 455 3351 decor
469 3301 543 3354 NHs.
558 3305 622 3351 conl.
636 3319 659 3354 u.
674 3305 724 3351 222
736 3299 748 3368 Η
759 3307 808 3353 241
822 3306 851 3353 in
864 3303 952 3354 nubes
963 3305 989 3353 Ε
1000 3301 1012 3371 Η
1024 3307 1074 3354 242
1089 3341 1092 3347 .

169 3360 270 3418 Purisue
291 3368 395 3418 clarum
415 3367 481 3416 EMc*
499 3369 635 3418 Purumue
655 3371 739 3420 claris
756 3373 783 3421 A
812 3368 824 3438 Η
852 3374 902 3423 244
920 3373 982 3421 fera
1001 3374 1040 3437 ny
1060 3375 1073 3434 11

171 3438 279 3486 armenia
297 3436 364 3486 EMG
390 3438 473 3500 erpd.
492 3453 513 3484 m
535 3474 540 3485 .
562 3438 700 3487 Ascensius
729 3444 853 3489 armento
872 3440 897 3489 A
926 3437 938 3506 Η
966 3441 1016 3489 246
1036 3441 1075 3489 se-

171 3511 220 3552 rens
238 3521 261 3554 oa
275 3505 379 3554 furens
397 3506 498 3568 scripsi.
511 3453 584 3570 ssim
603 3506 676 3554 ferat
694 3506 720 3554 Ε
738 3512 805 3572 egat
817 3508 842 3556 A
854 3504 866 3573 ΙΙ
878 3509 928 3558 249
945 3509 1074 3558 Attonita

172 3563 245 3621 fertur
262 3572 286 3620 Ε
304 3573 372 3636 Lym
394 3573 462 3621 hate
479 3572 588 3637 rapitur
607 3574 631 3622 A
656 3571 666 3640 Η
690 3576 740 3625 252
759 3576 848 3625 minus
866 3575 891 3624 Ε
909 3591 996 3640 genes
1015 3576 1039 3624 A
1060 3577 1073 3637 Η

171 3633 210 3686 ‘258
227 3641 324 3690 exierit
342 3589 392 3707 Εῆ
407 3642 458 3691 259
477 3640 656 3704 Quamcuque
675 3642 726 3704 Eo
744 3642 916 3707 Quocunque
935 3645 959 3692 A
983 3640 995 3708 ΙΙ
