2750 4250
509 373 709 422 PRAEFATIO
1004 377 1081 424 XVII

151 543 202 616 quis
217 539 285 594 iere
300 544 443 593 nostras
459 535 602 618 hauserit
617 551 697 592 casus
713 536 828 591 ratesA
851 533 954 592 111171
972 535 1080 593 nimbos

152 626 209 698 rapit
223 624 250 678 E
268 639 294 678 n.
313 623 423 678 trahit
438 620 463 676 A
480 619 539 678 123
555 620 651 694 patriis
668 618 802 676 messibus
819 620 847 674 Ε
860 622 975 694 patriae
990 638 1081 678 moe·

154 706 285 766 nibusA
323 705 382 764 151
404 705 524 764 membra
545 705 574 760 Ε
601 705 799 761 monstrari
835 703 895 760 222
923 723 975 780 pro
999 722 1082 763 saeue

152 793 266 850 decurii
299 810 326 866 p.
350 811 372 848 s.
395 790 500 848 dolor
521 789 546 846 Α
567 788 612 863 (ci.
636 789 708 861 236)
738 789 799 848 252
822 788 904 846 iletus
925 792 1083 866 insequitur

152 881 223 935 ninas
237 878 266 932 Ε
289 876 307 932 f.
332 879 384 932 ins.
406 893 511 952 genas
528 875 557 930 A
587 874 647 932 393
664 891 716 932 nec
730 873 775 932 illa
792 892 879 932 uenus
895 884 937 934 est
952 877 981 931 Ε
1009 893 1081 933 ma·

152 951 255 1036 lisqu'e
278 963 392 1018 miuus
418 970 460 1018 est
483 961 508 1016 Α
542 961 606 1015 Tru.
631 957 693 1015 425
718 961 910 1035 quodcumque
937 961 1034 1018 accidit
1056 961 1085 1015 Ε

153 1048 240 1104 troia
255 1047 394 1103 concidit
410 1045 435 1101 A
465 1043 525 1100 441
544 1043 646 1102 conditi
662 1044 718 1100 dite
734 1053 835 1102 exeunt
850 1046 879 1100 Ε
906 1064 930 1104 c.
947 1044 1082 1104 tumulo

153 1141 244 1189 exeunt.
272 1131 365 1187 Multis
382 1130 499 1205 denique
515 1130 584 1187 locis
598 1130 719 1208 genuina
734 1138 832 1204 poetae
847 1129 932 1187 uerba
947 1131 1084 1205 interpre-

154 1218 263 1273 tamentis
284 1217 412 1271 extrusit.
457 1215 501 1271 Sic
515 1217 566 1288 Ag.
585 1214 644 1272 187
666 1215 813 1289 Lyrnesida
828 1216 857 1271 Ε
884 1216 1085 1273 BriseidaA

152 1302 195 1357 ihr
212 1301 264 1360 201
291 1308 446 1374 natumque
468 1306 547 1357 sonat
569 1299 667 1356 debitis
683 1300 774 1356 Atthis
788 1300 818 1354 Ε
844 1317 872 1356 u.
886 1319 908 1357 s.
925 1299 943 1356 i.
960 1302 1045 1375 itym
1061 1299 1086 1355 A

98 1391 99 1396 ’
155 1385 221 1442 034
238 1385 382 1442 incolumis
399 1385 487 1443 adsto.
504 1385 608 1441 scilicet
628 1383 657 1439 Ε
685 1385 737 1440 iuc.
755 1401 836 1458 ergo
854 1384 999 1443 scilicetA
1028 1384 1084 1442 Te

154 1478 283 1544 uutpoenn
293 1471 370 1546 'tityi
388 1473 434 1544 qui
451 1485 534 1543 specu
549 1477 629 1526 uasto
644 1476 743 1544 pateus
753 1470 788 1532 Ε,
805 1477 833 1526 at
846 1471 872 1527 A
887 1471 962 1527 nulla
977 1479 1087 1528 senten·

154 1557 197 1610 tiae
210 1557 310 1612 ratione
326 1555 437 1612 habita:
460 1571 484 1610 a.
499 1573 526 1630 p.
548 1554 577 1609 Τ.
594 1571 729 1630 semper
748 1571 956 1612 accrescens
979 1556 1085 1613 iecur.
1135 1625 1137 1629 Ι

153 1640 254 1714 iptttt
271 1641 372 1698 cecidit
388 1643 414 1696 in
424 1639 513 1697 lucem
529 1639 606 1696 inror
617 1648 765 1714 postquam
781 1637 889 1697 litatum
904 1649 947 1697 est
963 1641 1010 1696 iilo
1026 1639 1054 1713 (i.
1062 1657 1086 1696 e.

153 1724 202 1797 ilio)
214 1725 338 1783 Phoebus
357 1725 428 1782 redit
443 1725 484 1787 Ε,
507 1726 534 1780 in
549 1726 574 1780 Α
589 1724 671 1781 uerba
687 1722 733 1781 ‘in
748 1723 856 1781 iucem'
872 1727 989 1800 repetita
1010 1733 1088 1781 eraut

155 1809 179 1864 ad
194 1808 291 1866 ‘redit'
310 1818 339 1868 et
355 1810 396 1866 eis
412 1812 529 1884 receptis
545 1826 599 1866 uox
616 1809 699 1867 ‘llio'
716 1818 757 1866 est
773 1811 887 1866 extrita:
903 1819 995 1886 postq.
1011 1810 1030 1866 l.
1046 1817 1088 1866 est

155 1894 292 1952 Phoebus
309 1897 342 1951 iu
360 1895 472 1950 lucem
488 1895 565 1951 redit.

205 1979 273 2036 Satis
289 1988 401 2037 constat
415 1981 444 2035 in
460 1979 634 2036 recensendis
651 1987 678 2035 et
694 1979 868 2036 ementiendis
886 1979 1032 2055 tragoediis
1054 1979 1088 2036 ab

155 2063 177 2119 Ε
186 2067 351 2122 recensionis
369 2067 418 2121 ie.
432 2063 570 2121 florentini
583 2063 684 2121 codicis
699 2065 874 2140 potissimum
890 2066 1009 2122 lectione
1025 2082 1089 2140 pro-

154 2148 313 2207 ficiscendum
343 2167 420 2214 esse,
451 2150 551 2225 quippe
579 2166 649 2223 qnae
675 2168 731 2207 nou
757 2151 849 2207 sotum
874 2159 1014 2209 uetustate
1042 2150 1091 2207 sed

153 2234 279 2310 diligentia
306 2230 393 2292 etiam
424 2243 452 2291 et
476 2235 528 2291 fide
549 2235 633 2309 louge
661 2244 773 2309 superet
799 2236 920 2294 aiteram.
963 2237 1090 2293 Attamen

153 2324 263 2393 quamuis
285 2338 394 2377 summa
416 2318 453 2376 sit
468 2319 530 2376 iibri
552 2320 717 2377 laurentiani
738 2323 900 2384 auctoritas.
932 2338 980 2377 eos
1002 2330 1091 2376 tumen

98 2427 99 2465 γ
153 2404 319 2462 uehementer
336 2413 478 2461 erraturos
493 2421 554 2461 esse
568 2404 705 2462 credimus
721 2407 802 2479 siqui
818 2408 904 2463 careri
915 2422 998 2480 posse
1013 2404 1092 2461 tibris

98 2544 99 2576 ἶ
153 2489 300 2563 uolgaribus
316 2490 453 2547 auderent
468 2488 612 2547 affirmare.
637 2490 677 2545 dn
694 2490 739 2546 uei
754 2492 998 2565 prudentissimum
1009 2490 1092 2547 libra·

153 2574 214 2629 rium
234 2571 456 2650 dum'exemplnr
470 2575 600 2632 describit
621 2574 654 2631 ab
675 2576 737 2649 ipso
753 2584 836 2649 poeta
856 2593 889 2632 eo
905 2593 960 2649 quo
982 2575 1092 2631 demon·
1179 2592 1187 2607 ·

153 2660 291 2717 strauimns
308 2660 393 2717 modu
410 2661 584 2734 conpositum
606 2667 634 2717 et
654 2660 751 2716 alienis
766 2660 957 2718 additamentis
973 2669 1092 2722 auctum.

154 2758 183 2797 ue
201 2746 225 2799 in
239 2744 336 2802 multis
359 2752 464 2801 erraret
485 2746 552 2801 satis
573 2762 671 2803 cauere
693 2746 818 2819 potuisse
833 2745 961 2821 putabis?
984 2745 1036 2801 Sed
1053 2745 1094 2801 iac

153 2844 205 2885 raro
226 2830 271 2886 uel
288 2846 440 2905 numquam
461 2846 523 2885 eum
539 2846 660 2891 errasse.
681 2830 736 2886 hoc
751 2838 841 2887 tamen
856 2847 912 2887 nou
927 2832 1031 2903 poterit
1046 2846 1093 2884 ne·

152 2912 219 2987 giegi
246 2914 371 2972 melioris
398 2916 567 2972 recensionis
593 2914 732 2989 exemptor
758 2916 830 2988 quod
856 2931 941 2970 uuum
968 2922 1096 2988 superest

151 2997 313 3073 descriptum
335 3016 397 3056 esse
419 3016 452 3056 eo
470 3000 579 3057 saecuto
602 3016 657 3076 quo
680 2999 783 3056 ioedari
805 2998 891 3056 libros
906 2998 992 3073 magis
1014 3016 1096 3073 quam

151 3090 223 3139 autea
244 3092 361 3159 coeptos
382 3100 444 3141 esse
464 3092 581 3142 constat.
618 3084 708 3155 Quare
729 3087 892 3161 scripturam
913 3084 975 3141 libri
996 3083 1096 3141 floren·

98 3166 99 3183 i
152 3167 197 3221 tini
222 3170 251 3224 in
276 3170 372 3226 multis
395 3170 427 3227 ab
449 3186 483 3226 eo
505 3170 599 3228 codice
621 3171 668 3245 qni
695 3172 801 3245 primns
828 3179 886 3227 crat
906 3171 965 3227 eius
992 3170 1097 3227 ordinis

151 3250 315 3325 degenerare
341 3256 468 3329 potuisse
496 3272 557 3312 cum
583 3272 632 3330 per
661 3272 691 3311 se
717 3256 796 3311 iaciie
822 3256 1006 3331 intellegitur,
1039 3265 1098 3312 tum

105 3400 107 3407 y
152 3342 306 3412 conparatio
327 3342 456 3398 instituta
475 3342 548 3397 inter
568 3341 634 3398 iulia
650 3340 697 3398 illa
718 3341 890 3399 ambrosiana
909 3341 1032 3415 uulgaris
1052 3342 1098 3397 uel

152 3423 230 3479 etiam
246 3422 381 3499 iragminu
397 3419 514 3482 thuanea
529 3424 642 3483 alterius
658 3428 828 3483 recensionis
848 3436 877 3483 et
891 3425 992 3483 librum
1008 3433 1098 3482 etrus-

153 3523 211 3564 cum
231 3510 352 3567 ostendit
373 3510 458 3567 muita
478 3530 547 3586 quae
569 3511 634 3567 oiim
657 3514 759 3569 rectius
779 3511 944 3586 legebantur
965 3510 1098 3568 acodicis

155 3590 287 3652 {torentini
301 3596 413 3653 librario
434 3597 583 3672 deprauata
598 3612 667 3655 esse.
705 3599 738 3655 Et
752 3614 782 3655 re
803 3615 868 3655 uera
890 3597 961 3652 haud
982 3598 1020 3652 ita
1036 3612 1099 3654 raro

203 3708 325 3745 eunucus
340 3710 424 3751 unae.
879 3697 897 3753 b
