2750 4250
282 338 344 403 156
559 353 591 400 n.
608 352 742 400 aunam
758 352 915 400 sennenn

281 495 363 554 ciues
378 491 502 571 paterno
518 492 603 552 lortia
618 493 778 571 imperio
793 509 891 570 rege.

232 612 236 616 Α
280 579 346 638 sinu
361 584 512 657 receptam
527 567 691 656 supplicem
707 595 742 637 ac
757 594 902 637 seruam
919 583 1010 653 tege.

281 663 424 724 miserere
439 661 568 724 uiduae.⁴
591 674 685 722 1111’1‘.
702 679 835 723 summus
850 661 908 722 hoc
924 679 1010 721 omen
1028 660 1095 720 deus
1264 679 1265 714 r

280 755 404 808 auertat.
1172 757 1174 764 '

248 857 264 891 o
436 832 539 892 Aderit
552 848 657 909 sospes
671 839 804 891 actutum
820 848 907 909 pare
916 849 965 891 ns.

281 928 338 976 ΡΗ.
355 917 441 994 regni
456 917 567 977 tenacis
582 916 720 976 dominus
736 925 765 975 et
780 916 884 996 tacitae
900 915 997 994 Stygis

281 998 391 1060 nullam
407 1000 526 1061 relictos
541 1001 611 1062 lecit
626 1000 662 1061 ad
678 1018 803 1079 superos
820 1000 907 1061 uiam.

280 1083 401 1144 thalami
416 1087 547 1146 remittet
561 1083 611 1145 ille
626 1093 777 1164 raptorem
793 1085 857 1144 sui?

281 1170 338 1228 nisi
353 1168 430 1229 lorte
445 1172 538 1230 amori
553 1169 686 1249 placidus
702 1176 732 1230 et
747 1169 853 1229 Pluton
870 1169 961 1230 sedet.

246 1253 272 1311 o'
327 1266 421 1313 fflrr.
443 1253 528 1315 lllum
546 1255 664 1332 quidem
681 1255 767 1333 aequi
783 1252 901 1314 caelites
917 1253 1059 1314 reducem
1075 1253 1178 1314 debunt.

280 1338 333 1399 sed
344 1337 419 1398 'dum
436 1337 547 1399 tenebit
557 1348 631 1399 uota
646 1340 676 1398 in
692 1340 806 1400 incerto
822 1338 911 1400 deus:

279 1424 389 1500 pietate
404 1440 490 1484 caros
506 1423 604 1484 debita
621 1422 729 1484 fratres
745 1423 839 1484 colam

281 1515 310 1567 et
325 1516 353 1568 te
369 1507 509 1568 merebor
525 1527 590 1568 esse
606 1527 643 1569 ne
659 1509 778 1568 uiduam
795 1515 882 1586 putes

280 1610 314 1653 ac
331 1592 383 1652 tibi
397 1591 568 1672 parentis
582 1596 646 1671 ipse
661 1592 808 1672 supplebo
824 1593 933 1655 locum.

252 1702 267 1735 c
321 1690 378 1737 ΡΗ.
403 1676 428 1737 0
443 1697 511 1756 spes
526 1685 675 1738 amantum
692 1677 822 1738 credula.
847 1677 967 1738 ol'allar
983 1695 1075 1740 amor.

279 1764 389 1822 satisne
404 1763 481 1822 dixit
506 1762 643 1840 precibus
659 1762 784 1823 admotis
800 1781 894 1840 agam.
914 1797 949 1806 —
1001 1793 1003 1798 .

225 1891 229 1898 .
280 1849 432 1907 miserere.
460 1849 565 1908 tacitae
580 1849 688 1908 mentis
705 1847 810 1908 exaudi
822 1866 940 1926 preces

279 1930 352 1990 libet
366 1930 447 2009 loqui
463 1933 611 2010 pigetque.
636 1945 730 1991 Hirr.
750 1932 900 2010 quodnam
915 1932 993 1992 istud
1010 1931 1116 1992 malum
1131 1930 1183 1992 esti
1196 1938 1230 1986 ata
1264 1949 1265 1952 ¹

281 2028 337 2074 ΡΗ.
354 2016 434 2094 quod
449 2016 480 2075 in
494 2035 655 2077 nouercam
671 2016 779 2077 cadere
796 2019 844 2078 uix
861 2017 966 2077 credas
981 2016 1098 2077 malam.

246 2098 269 2157 α’
324 2113 417 2162 ΗΙΡΡ.
441 2101 586 2179 Ambigua
601 2120 677 2163 noce
694 2101 785 2163 uerba
803 2100 942 2182 perplexa
958 2103 1045 2163 iacis:

281 2185 372 2246 effare
387 2194 499 2265 aperte.
530 2200 587 2246 Pu.
604 2196 710 2266 pectus
725 2190 862 2249 insanum
879 2204 973 2265 uapor

279 2288 423 2350 amorque
439 2279 543 2332 torret.
575 2273 685 2332 intimis
701 2272 791 2334 seruit
805 2272 887 2344 ierus

281 2353 418 2435 [penitus
432 2358 595 2431 medullas,
614 2365 706 2433 atque
718 2375 776 2435 per
790 2375 885 2418 uenus
899 2355 992 2437 meat]
1198 2360 1233 2410 65⁰

231 2501 236 2509 ,
280 2440 445 2501 uisceribus
460 2442 537 2517 ignis
551 2459 668 2503 mersus
683 2449 714 2503 et
730 2460 824 2502 nenos
839 2441 933 2502 latens
1010 2488 1014 2497 .

279 2534 313 2586 ut
327 2524 412 2602 agilis
427 2525 500 2586 altas
514 2525 633 2587 damma
649 2528 799 2606 percurrit
814 2526 923 2587 trabas.

182 2686 190 2690 ι
227 2685 230 2689 ¹
251 2616 269 2667 d
323 2624 417 2670 ΗιΡΡ,
437 2613 549 2672 umore
565 2630 673 2691 nempe
690 2612 798 2671 Thesei
814 2619 894 2671 casto
910 2611 1003 2671 suris?

279 2709 337 2755 ΡΗ.
352 2695 511 2775 Hippolyte
527 2697 570 2757 sic
585 2704 645 2757 est:
668 2696 777 2756 Thesei
792 2696 920 2758 uultus
935 2714 1002 2756 amo

279 2781 345 2841 illos
360 2784 476 2860 priores
491 2801 566 2860 quos
583 2780 648 2841 tulit
664 2782 812 2858 quondam
830 2798 919 2859 puer,
1199 2780 1235 2832 att

346 3040 396 3090 632
410 3043 538 3089 actutum
551 3037 593 3087 Αε
612 3039 728 3084 obtutus
746 3037 773 3084 V
789 3034 847 3097 (am
861 3050 894 3084 ac
907 3033 1011 3099 tntusi)
1025 3031 1037 3101 ΙΙ
1050 3036 1099 3087 636
1117 3033 1186 3084 sedet

278 3111 498 3159 corr.a1m.ex
517 3105 603 3155 series
621 3110 648 3152 ut
665 3104 767 3153 uidetur
785 3103 809 3151 E
826 3099 838 3168 Η
856 3105 906 3153 640
917 3103 1015 3153 tuebor
1027 3103 1051 3151 A
1070 3102 1187 3153 merebor

278 3170 388 3239 Ε11641
407 3176 463 3223 boe
477 3176 509 3223 α’.
523 3173 599 3222 Nus.
613 3168 625 3236 ΙΙ
636 3172 686 3221 643
704 3170 774 3219 dixit
787 3172 810 3218 A
831 3171 886 3219 dixi
900 3171 924 3220 E
935 3166 948 3237 ΙΙ
959 3172 1008 3221 647
1026 3168 1185 3235 perplexeA

277 3241 411 3306 perplexe
423 3242 478 3290 ΕΙ)
492 3237 504 3307 ΙΙ
521 3242 571 3291 ate
590 3253 721 3301 emorque
739 3242 826 3288 torret
843 3255 912 3288 corr.
932 3256 948 3287 a
966 3242 982 3288 2
999 3254 1030 3287 m.
1049 3254 1085 3289 eac
1103 3251 1186 3287 amore

277 3313 365 3359 torret
376 3307 402 3355 E
420 3308 569 3372 ardorque
587 3310 617 3358 ei.
631 3306 764 3356 Burmann
780 3302 792 3372 ΙΙ
809 3306 914 3355 intimis
928 3307 995 3355 ferit
1006 3308 1082 3357 ferus
1094 3305 1137 3368 ΕΙ,
1154 3306 1187 3355 sic
1222 3326 1227 3337 ·

278 3392 346 3427 corr.
359 3392 418 3424 am.
437 3377 468 3424 2:
487 3376 585 3425 intima
606 3375 673 3443 ferit
693 3375 769 3423 ferus
788 3378 877 3423 uorat.
896 3374 1009 3425 intimas
1028 3390 1128 3425 saeuus
1145 3387 1187 3423 uo·

277 3448 323 3494 rat
335 3444 360 3492 A
379 3442 483 3491 intimis
502 3446 607 3492 saeuit
620 3445 695 3492 ferus
714 3444 745 3494 ci.
760 3442 838 3491 Gran.
857 3442 951 3492 feruit
964 3443 983 3496 f.
994 3446 1028 3495 ui.
1043 3444 1109 3497 ΕΡ,
1121 3438 1132 3511 ll
1143 3442 1186 3491 650

276 3512 387 3576 penitus
398 3510 535 3561 medullas
548 3515 632 3575 atque
646 3525 694 3572 per
707 3524 793 3559 uenas
806 3517 881 3559 meet
891 3512 914 3559 A
928 3527 974 3561 om.
983 3511 1008 3559 Ε
1020 3514 1094 3561 eiecit
1101 3512 1172 3561 aron.
1179 3503 1187 3571 ll

277 3581 325 3630 661
345 3580 424 3629 uenia
439 3581 478 3629 Αε
501 3580 629 3628 uenusR
652 3576 805 3627 membris
824 3580 854 3627 ci.
876 3579 980 3628 Grotius
1002 3579 1105 3628 fibris
1118 3578 1185 3628 uus.

276 3650 387 3698 neruis
406 3648 476 3696 Bad.
495 3661 593 3695 uenas
612 3646 661 3694 Bo.
685 3641 697 3709 ll
