2750 4250
584 348 784 398 PRAEFATIO
1097 353 1164 401 1111

209 526 276 566 uero
298 517 362 565 ante
386 508 534 566 Frontonis
556 516 673 566 aetatem
693 512 785 583 potuit
805 509 897 566 scribi.
936 510 1080 567 Nemeum
1103 511 1162 568 aliis

206 593 378 668 argumentis
387 593 502 650 Valerus
512 592 598 665 (miso.
610 594 670 650 orit.
682 594 778 652 lasov
789 594 905 652 iulalmi
914 595 1002 652 annal.
1015 596 1081 669 plril.
1089 613 1163 653 vum

208 678 291 736 1853
308 696 336 752 p.
348 677 411 736 588
425 677 497 752 sqq.)
513 687 541 736 et
556 680 688 736 Brauuius
704 677 734 752 (Ι.
749 679 768 735 l.
784 698 812 753 p.
822 679 862 737 56
876 679 910 752 s.)
927 680 1068 742 euicerint‚
1085 697 1163 754 prae·

208 772 297 820 textae
309 771 451 822 auctorem
464 781 518 819 uon
530 781 615 836 paruo
630 766 762 838 temporis
778 764 923 822 interuallo
935 764 970 820 ab
981 774 1070 821 aetate
1079 765 1164 822 Nero·

207 849 287 903 niana
309 848 427 911 distare,
453 857 509 906 tum
528 858 558 904 ut
574 849 726 906 referamus
745 857 809 924 post
829 866 892 906 eum
914 851 962 924 qui
977 849 1121 906 Herculem
1137 867 1162 908 11

207 933 333 1006 scripsit,
362 935 485 990 rationes
508 936 637 991 metricae
664 934 809 992 adducunt.
856 933 889 990 Vt
911 951 976 990 uero
1005 935 1162 992 adcuratius

208 1015 336 1074 Octauiae
348 1027 466 1075 aetatem
479 1017 646 1080 delimamus,
664 1034 698 1074 ne
710 1036 726 1075 a
737 1035 803 1076 nero
816 1019 898 1076 nimis
910 1020 991 1092 longe
1002 1018 1162 1076 aberremus

207 1119 262 1158 non
278 1119 408 1158 ueremur
424 1104 448 1160 si
464 1105 522 1176 pari
537 1103 595 1162 lere
612 1102 760 1160 interuallo
776 1104 836 1160 eius
852 1113 991 1162 auctorem
1007 1105 1162 1160 seiunctum

207 1203 268 1242 osse
284 1187 402 1243 dicimus
417 1205 432 1242 a
449 1187 594 1244 Frontonis
611 1196 639 1244 et
654 1206 669 1243 a
683 1189 762 1245 Booti
778 1189 898 1246 saeculo.
929 1189 1030 1245 Rerum
1043 1191 1116 1244 enim
1133 1190 1159 1244 iu

207 1270 257 1327 hac
272 1272 414 1346 tragoedia
431 1279 608 1331 tractatarum
621 1282 730 1347 praeter
740 1273 859 1330 Senecae
873 1272 961 1330 libros
977 1290 1047 1347 quos
1063 1274 1096 1329 de
1108 1273 1162 1330 ele·

208 1356 309 1413 mentia
326 1357 360 1412 ad
374 1357 510 1414 Neronem
526 1360 636 1433 scripsit
651 1358 714 1414 lons
730 1366 772 1414 est
787 1359 931 1432 primarius
947 1359 1068 1424 Tacitus,
1083 1359 1161 1414 cuius

207 1441 298 1497 studia
313 1450 460 1517 postquam
477 1441 522 1498 diu
545 1445 651 1500 iacuere
667 1444 830 1499 resuscitata
845 1459 906 1500 esse
926 1450 1025 1516 quarto
1043 1442 1161 1505 saeculo,

205 1533 322 1582 auctore
346 1535 377 1582 ut
403 1526 514 1584 uidetur
541 1527 634 1584 l'acito
658 1527 788 1590 Caesare,
819 1527 951 1602 Vopiscus
979 1527 1162 1601 Hieronymus

208 1610 323 1667 Orosius
345 1619 490 1668 testantur.
535 1611 604 1678 Quid
625 1613 713 1686 igitur
732 1611 838 1685 inpedit
857 1613 1006 1685 quominus
1027 1611 1079 1668 lroc
1101 1613 1161 1684 ipso

206 1695 317 1752 saeculo
333 1696 473 1754 Octauium
490 1696 621 1771 scriptam
638 1713 699 1753 esse
713 1696 794 1753 uobis
809 1695 1042 1770 persuadeamus?
1070 1694 1162 1752 Eidem

207 1796 275 1836 uero
298 1780 410 1838 saeculo
434 1781 555 1855 uolgatis
577 1782 748 1838 recensionis
769 1781 902 1855 originem
925 1780 1018 1837 deberi
1047 1780 1161 1837 arbitra·

206 1881 276 1920 mur.
322 1865 395 1934 Quae
418 1875 448 1922 ut
469 1876 534 1939 post
554 1867 677 1924 Lactauti
704 1867 748 1923 uel
769 1867 849 1924 Serui
871 1875 987 1923 aetatem
1009 1865 1079 1922 lacta
1100 1883 1161 1922 esse

207 1952 318 2022 nequit,
335 1950 372 2006 itu
388 1951 475 2008 multo
492 1960 556 2024 post
572 1951 597 2008 id
615 1960 723 2025 tempus
739 1968 794 2025 quo
810 1953 839 2007 E
853 1952 1021 2008 recensionis
1036 1951 1161 2023 archety-

206 2051 258 2108 pus
274 2043 405 2100 exaratus,
417 2043 460 2092 est
483 2053 542 2092 eam
558 2044 647 2092 ortam
669 2053 732 2092 esse
747 2037 808 2094 iude
829 2035 985 2094 necessario
1000 2034 1160 2107 conligitur.

206 2119 281 2194 quod
297 2120 407 2178 chartae
429 2120 490 2177 illae
507 2121 718 2197 tragoediarum
734 2139 795 2178 cum
811 2125 836 2177 A
851 2120 978 2178 librarius
999 2138 1044 2177 ees
1059 2118 1161 2177 descri-

206 2204 278 2279 psit,
309 2205 396 2263 multo
424 2206 600 2280 grauioribus
621 2207 727 2263 daronis
753 2206 864 2263 allectae
891 2215 969 2262 erant
996 2204 1041 2277 (ιι.
1064 2204 1160 2277 inira),

208 2306 289 2364 quam
306 2290 407 2363 quibus
422 2290 518 2347 librari
534 2292 563 2346 Ε
577 2301 666 2348 aetate
682 2290 852 2347 laborabant.
891 2289 980 2359 Quare
996 2307 1057 2346 curu
1072 2306 1162 2363 neque

206 2383 271 2446 post
292 2383 398 2431 sextum
421 2374 465 2431 uel
487 2379 581 2449 polius
603 2377 747 2450 quintum.
779 2393 870 2450 neque
891 2383 954 2431 aute
975 2374 1091 2430 alterum
1112 2374 1160 2430 sed

207 2458 347 2531 aliquanto
361 2460 508 2533 postfacto
524 2476 586 2517 esse
601 2478 657 2517 non
670 2462 758 2535 possit
768 2477 824 2516 non
837 2459 918 2522 credi,
935 2468 1034 2533 quarto
1051 2458 1162 2514 uidetur

207 2542 352 2599 tribuenda
369 2562 430 2601 esse
446 2546 571 2607 saeculo,
598 2562 653 2618 quo
676 2547 737 2617 ipso
754 2545 871 2611 Senecae
887 2544 1044 2618 philosophi
1066 2551 1161 2599 aucto·

205 2628 318 2684 ritatem
339 2646 390 2702 per
405 2630 575 2687 Lactantimu
591 2630 786 2703 Hieronymum
801 2631 983 2702 Augustinum
1005 2629 1161 2684 restitutam

203 2728 268 2769 esse
289 2722 408 2771 constat.
447 2715 549 2782 Quodsi
566 2714 678 2771 Octauia
694 2715 776 2787 paulo
798 2722 862 2770 ante
877 2712 1048 2771 recensionis
1065 2712 1161 2784 uolga-

203 2798 245 2853 ris
262 2799 397 2871 originem
414 2800 557 2873 conposita
579 2808 635 2861 est,
663 2798 758 2872 quidni
781 2798 854 2856 illam
877 2798 911 2854 ab
932 2798 1012 2852 initio
1028 2812 1089 2852 cnm
1110 2797 1161 2854 hac

205 2882 344 2939 coaluisse
366 2884 512 2957 putemus?
547 2882 630 2939 Immo
653 2883 722 2940 hoec
745 2884 838 2958 opinio
862 2899 893 2938 ea
915 2898 943 2937 re
965 2897 1025 2936 curu
1047 2881 1161 2938 maxime

203 2967 409 3040 conprobatur,
441 2967 514 3041 quod
542 2985 573 3023 ex
600 2967 727 3025 omnibus
752 2984 870 3041 quorum
899 2965 1008 3040 quidem
1035 2965 1161 3026 notitiam

204 3050 338 3107 lrabemus
361 3051 405 3124 (et
425 3068 575 3127 permagna
596 3061 639 3109 est
662 3051 758 3127 copia)
779 3051 950 3108 recensionis
972 3051 998 3105 A
1019 3050 1160 3109 codicibus

205 3152 242 3192 ue
263 3154 334 3193 uuus
357 3136 466 3211 quidem
487 3145 628 3211 praetexta
650 3147 726 3193 caret
747 3146 775 3193 et
791 3153 886 3193 omnes
911 3150 970 3191 eam
986 3152 1040 3191 non
1062 3135 1159 3193 ultimo

206 3220 256 3276 sed
270 3220 439 3295 paenultimo
461 3221 521 3278 loco
544 3222 652 3279 habent.
685 3220 834 3295 Quodque
856 3230 937 3295 pacto
953 3218 1013 3277 fieri
1034 3219 1161 3294 potuisse

202 3305 301 3362 credes
323 3308 375 3361 nisi
402 3304 436 3361 als
457 3324 490 3363 eo
513 3309 559 3381 qni
583 3308 764 3381 arebetypum
784 3306 918 3363 librorum
938 3305 1108 3363 recensionis
1133 3308 1159 3363 A

208 3444 413 3453 w·—

205 3522 230 3574 6.
248 3524 290 3571 20.
325 3523 359 3571 In
378 3527 500 3573 aetatum
517 3524 705 3587 descriptione
721 3522 836 3573 Boetius
855 3519 899 3585 (11
912 3521 945 3586 ὅ)
963 3538 1018 3572 ιιοιι
1035 3522 1161 3584 sequitur

207 3587 268 3638 Oet.
282 3591 333 3639 408
347 3604 408 3654 sqq.
425 3591 475 3641 aad
491 3590 573 3641 Ouid.
590 3592 626 3643 M.
644 3591 703 3641 189
716 3606 774 3655 sqq.
793 3595 822 3641 et
838 3589 901 3641 Seu.
915 3589 1020 3642 Phaed.
1033 3590 1083 3640 533
1095 3604 1156 3655 sqq.

206 3655 249 3706 De
262 3655 418 3709 Claudiano
431 3674 457 3713 ιι.
471 3663 527 3713 not.
542 3659 578 3711 sd
591 3676 618 3726 p.
631 3674 711 3711 v1111.
