2750 4250
451 377 634 427 nnncvnns
660 363 823 454 [nonnus]

157 529 176 585 e'
485 519 617 581 Monstra
632 522 690 581 iam
707 522 814 584 desunt
828 525 901 586 mihi

183 606 332 685 minorque
348 604 434 666 labor
451 613 496 665 est
509 604 629 666 Herculi
644 607 723 667 iussa
742 612 848 687 exequi

184 710 264 772 quam
279 691 353 752 mihi
373 690 518 750 iubere.
541 688 637 750 laetus
652 694 777 771 imperia
794 696 911 773 excipit.

158 807 168 839 o
221 775 283 846 Quo
299 777 362 837 fera
377 775 497 855 tyranni
510 775 611 835 iussa
627 775 758 839 uiolento
776 789 885 857 queant

182 880 283 923 nocere
299 861 420 922 iuueni?
442 876 549 938 nempe
565 877 620 937 pro
636 860 700 921 telis
716 865 792 941 gerit

183 965 251 1026 quae
265 947 364 1007 timuit
379 954 409 1005 et
425 963 501 1024 quae
517 944 601 1006 rudit.
625 957 756 1008 armatus
772 951 854 1009 uenit

182 1032 261 1093 leone
277 1039 307 1092 et
321 1031 425 1110 hydra.
796 1091 804 1098 ,

155 1135 172 1184 0¹
285 1151 289 1162 ·
486 1113 547 1175 Neo
564 1116 635 1175 satis
652 1122 750 1179 terrae
766 1126 877 1198 patent.

184 1202 292 1280 effregit
308 1218 377 1262 ecoe
392 1199 485 1261 limen
500 1199 611 1260 inferni
626 1200 706 1262 Iouis

185 1295 209 1347 ot
223 1287 319 1366 opima
334 1287 405 1346 uicti
421 1286 501 1361 regis
517 1285 554 1344 ad
570 1301 696 1361 superos
712 1287 813 1348 refert.

153 1377 179 1426 θ’
222 1371 332 1432 Parnm
348 1378 393 1431 est
407 1370 519 1431 reuerti
527 1368 658 1431 :toeous
674 1371 851 1433 umbrarum
866 1375 952 1452 perit.

186 1453 256 1539 [uidi
268 1461 346 1534 apso,
364 1458 432 1516 nidi
444 1461 533 1516 nocte
547 1457 685 1516 discussa
700 1457 835 1531 inferum
1111 1470 1145 1518 50

183 1549 207 1602 et
221 1543 288 1602 Dite
302 1543 415 1603 domito
429 1543 528 1618 spolio
544 1543 706 1602 iactantem
715 1545 810 1620 patri

180 1626 330 1698 fraterna.
377 1644 434 1687 our
448 1643 509 1687 non
524 1629 660 1686 uinctum
675 1635 706 1687 et
720 1645 897 1705 oppressum
913 1631 1010 1689 trahit
1096 1699 1100 1708 Ι

184 1715 274 1786 ipsum
288 1714 405 1773 eatenis
414 1713 511 1788 portu
526 1713 667 1772 sortitum
682 1713 755 1774 Ioni

185 1797 334 1872 Ereboque
348 1802 442 1872 copto
454 1797 572 1872 potitur
586 1803 615 1855 et
629 1794 887 1881 releor'tStypot]

183 1881 319 1957 patefacta
334 1879 371 1940 ab
386 1881 455 1939 imis
470 1878 607 1941 manibus
621 1888 703 1941 retro
719 1883 768 1942 uia
783 1890 829 1943 est

187 1974 212 2026 et
227 1983 306 2026 sacra
323 1965 406 2026 dirae
420 1963 525 2027 mortis
540 1965 570 2024 in
588 1973 692 2044 aperto
707 1967 813 2028 iacent.

160 2087 171 2121 o
225 2052 265 2110 At
278 2052 333 2111 iste
348 2056 438 2129 rupto
455 2067 575 2110 carcere
591 2050 767 2112 umbrarum
782 2052 867 2112 ferox

189 2135 222 2197 de
236 2154 282 2196 me
297 2134 464 2213 triumphat
479 2143 508 2196 ot
524 2132 808 2218 superbificamanu
907 2193 915 2207 ,

187 2229 275 2281 atrum
289 2240 343 2300 per
358 2220 450 2281 nrbes
466 2220 547 2280 ducit
562 2220 708 2298 argolicas
723 2240 837 2283 canem.

156 2318 174 2365 α’
226 2305 290 2366 Viso
306 2304 454 2366 labantem
471 2305 602 2367 Cerbero
618 2305 680 2367 uidi
697 2306 774 2368 diem
1033 2304 1038 2313 ’
1117 2318 1151 2367 60

185 2391 378 2468 pauidumque
394 2390 497 2451 solem.
521 2408 569 2451 me
586 2402 705 2470 quoque
721 2393 828 2453 inuasit
841 2400 955 2453 tremor

186 2484 211 2534 et
224 2482 296 2536 tetra
311 2478 440 2536 monstri
456 2474 531 2535 oolla
548 2475 664 2536 deuicta
680 2478 800 2538 intuens

185 2562 262 2621 timui
274 2562 446 2640 imperasse.

161 2672 172 2705 e
479 2642 570 2706 Lenia
586 2646 637 2706 sed
653 2648 777 2708 nimium
794 2665 914 2727 queror.

188 2728 284 2790 caelo
298 2730 463 2791 timendum
481 2739 534 2799 ost,
550 2748 642 2808 regna
658 2749 696 2792 ne
712 2750 827 2794 summa
843 2741 968 2812 occupet

187 2815 231 2889 qui
243 2816 312 2875 uioit
325 2816 394 2884 ima,
411 2822 527 2893 sceptra
543 2817 705 2897 praeripiat
719 2819 805 2896 patri.
1113 2824 1147 2873 65

246 3056 277 3104 43
296 3052 354 3117 Quo
373 3053 420 3117 Vrp
434 3049 888 3119 QuuaeAflitiol'potitE'mp.
909 3048 923 3120 [Ι
943 3055 1099 3106 nouo-54

188 3120 261 3170 deterri
277 3121 477 3187 dittographiam
494 3122 528 3185 cf.
547 3138 572 3173 u.
591 3124 623 3170 60
640 3138 698 3187 sqq.
721 3117 733 3187 11
762 3122 868 3171 inferus
891 3123 917 3171 V
919 3119 926 3153 ¹
951 3118 963 3188 Η
986 3124 1018 3173 52
1037 3125 1097 3173 uin-

101 3192 103 3197 ’
188 3190 251 3236 otum
272 3190 320 3239 VA
347 3190 485 3239 uictuma
514 3184 526 3255 ll
555 3188 652 3253 trahit)
670 3190 757 3238 bitin
774 3206 827 3241 ros.
846 3188 883 3239 E²
911 3185 923 3257 ΙΙ
952 3192 985 3241 54
1004 3191 1099 3242 cerbe-

188 3268 260 3317 roqne
282 3258 328 3323 Vop
366 3252 379 3323 ss
413 3258 502 3307 deesse
526 3258 628 3307 uidetur
644 3273 699 3307 uox
722 3257 826 3321 potitur
848 3258 872 3306 V
898 3253 911 3324 ΙΙ
945 3262 973 3308 et
993 3261 1099 3324 retegit

188 3320 230 3371 ΕΑ
249 3328 275 3373 et
285 3325 357 3389 tegit
374 3326 401 3374 V
417 3328 445 3375 et
456 3324 578 3391 relegit
596 3326 673 3375 thn.
694 3340 732 3374 en
750 3324 853 3389 retegit
864 3325 933 3380 Bau.
947 3325 988 3377 ed.
997 3328 1064 3376 1798
1075 3324 1088 3393 ss

178 3389 274 3455 'stigam
296 3394 322 3442 V
348 3389 361 3459 ΙΙ
390 3393 423 3442 56
447 3392 531 3442 durae
549 3391 585 3441 E¹
604 3399 671 3443 totus
689 3409 779 3443 uersae
797 3392 870 3443 abest
891 3395 917 3443 V
949 3391 960 3461 ΙΙ
989 3395 1021 3444 57
1039 3394 1094 3445 iste
1180 3420 1183 3424 ·

192 3456 265 3509 VBM
285 3461 333 3511 ille
353 3460 393 3511 εΑ
417 3456 430 3527 ss
457 3461 491 3511 60
508 3460 650 3511 labentem
667 3462 694 3511 V
714 3457 726 3527 [Ι
750 3462 782 3510 62
800 3464 875 3511 tetra
891 3462 939 3524 Vn
961 3462 1095 3511 thetraE

188 3525 270 3575 inrue.
288 3536 367 3579 terna
386 3528 411 3577 A
447 3524 458 3595 Ι]
492 3528 605 3579 deuicta
626 3530 652 3578 V
672 3528 777 3579 deuicti
794 3530 820 3578 Ε
843 3529 932 3590 (litera
954 3530 1008 3578 iin
1026 3545 1078 3579 ros.

189 3591 209 3638 Α
238 3590 248 3659 ΙΙ
279 3598 310 3647 63
331 3592 524 3660 lsedlnimium
554 3595 594 3661 (ni
622 3600 648 3646 in
671 3597 737 3659 ros.)
760 3595 797 3645 E²
825 3597 966 3646 minimum
997 3594 1031 3647 V¹
1071 3531 1094 3663 if

189 3658 216 3709 65
228 3663 328 3729 p'ripiat
350 3665 377 3714 V
409 3664 562 3730 praeripiet
579 3664 604 3713 E
624 3664 688 3729 (ras.
701 3668 769 3715 inter
783 3681 797 3715 e
810 3672 836 3715 et
849 3664 872 3727 r)
887 3666 911 3713 Α
