2750 4250
294 334 357 402 164
571 352 602 398 n.
619 351 754 398 annam
770 351 928 400 sennem

291 500 322 552 ut
337 509 390 553 ora
405 491 507 552 iuueni
521 491 605 568 paria
620 490 764 552 Perithoo
779 493 869 569 gerit,

289 578 321 638 ni
335 575 474 655 languido
488 574 602 655 pallore
615 576 779 638 canderent
794 594 887 655 genae

290 671 441 740 staretque
456 669 539 722 recta
554 662 676 740 squalor
691 661 822 722 incultus
836 679 931 722 coma.

255 757 287 810 b⁰
337 746 383 807 Eu
397 748 462 824 ipse
477 745 612 806 Theseus
626 747 761 808 redditus
775 748 864 807 terris
879 746 970 807 adest.

580 1011 749 1061 THESEVS.
778 1011 922 1060 nvrmx.

333 1169 466 1230 Tandem
481 1171 602 1249 profugi
617 1171 714 1230 noctis
729 1175 868 1230 aeternae
885 1169 1000 1249 plagam

291 1263 435 1335 uastoque
451 1272 555 1315 manes
570 1272 693 1316 carcere
712 1253 903 1316 umbrantem
920 1255 1021 1334 polum
1247 1317 1248 1320 ,

291 1349 321 1402 et
335 1341 386 1402 uix
400 1341 532 1420 cupitum
547 1339 695 1400 sufferunt
709 1337 787 1400 oculi
802 1339 889 1400 diem.
1198 1343 1227 1391 tn
1246 1345 1249 1436 l

258 1453 274 1486 o
334 1427 396 1487 lam
411 1432 516 1502 quarta
531 1425 652 1486 Eleusin
668 1425 745 1486 dona
760 1422 937 1504 Triptolemi
952 1431 1032 1486 secat

291 1528 455 1591 paremque
469 1513 582 1572 totiens
596 1508 672 1570 libra
688 1511 845 1588 conposuit
860 1509 954 1580 diem,

291 1595 450 1674 ambiguus
463 1603 498 1657 ut
511 1614 560 1657 me
575 1595 666 1656 sortis
680 1595 797 1672 ignotae
811 1593 896 1655 labor

292 1683 418 1744 detinuit
432 1681 510 1741 inter
526 1681 630 1740 mortis
645 1687 675 1740 et
690 1681 770 1742 uitae
785 1678 872 1740 mala.

258 1767 282 1826 α’
336 1766 410 1827 Pars
425 1783 482 1826 una
499 1767 579 1826 uitae
593 1766 702 1826 mansit
716 1764 846 1824 extincto
862 1764 950 1836 mihi,

292 1869 406 1913 sensus.
437 1849 583 1911 malorum
598 1850 666 1911 dois
680 1848 798 1910 Alcides
812 1849 868 1908 luit

292 1937 343 2015 qui
358 1953 426 1997 cum
442 1933 562 1996 reuulso
578 1935 705 1995 Tartaro
720 1932 907 1995 abstraheret
922 1952 1026 1994 canem

292 2038 341 2082 me
356 2038 474 2099 quoqne
489 2037 636 2098 supernas
650 2019 763 2099 pariter
777 2017 815 2080 ad
830 2019 916 2080 sedes
931 2017 1006 2080 tulit.
1028 2043 1032 2049 ·

260 2130 276 2165 e
337 2105 395 2166 Sed
411 2105 489 2166 iessa
505 2106 600 2166 uirtus
615 2103 726 2166 robore
741 2105 863 2183 antiquo
878 2110 961 2167 caret

293 2190 504 2271 trepidantque
519 2206 650 2267 gressus.
681 2189 741 2251 heu
757 2188 842 2253 labor
857 2198 985 2271 quantus
1000 2190 1056 2253 luit

294 2276 511 2355 Phlegethonte
527 2274 564 2335 ab
579 2276 640 2335 imo
655 2283 759 2353 petere
774 2276 969 2353 longinquum
986 2276 1105 2337 aethera

296 2363 469 2441 pariterque
484 2368 611 2422 mortem
627 2359 732 2438 lugere
749 2366 777 2420 et
791 2359 912 2421 Alciden
929 2361 1021 2438 sequi.

260 2447 284 2504 c'
340 2444 413 2515 Quis
427 2446 564 2507 lremitus
578 2462 666 2505 aures
680 2442 788 2506 llehilis
804 2443 920 2524 pepulit
933 2447 1031 2507 meast

294 2538 449 2610 expromat
464 2528 578 2609 aliquis.
608 2528 706 2590 luctus
722 2536 752 2590 et
766 2528 905 2591 lacrimae
921 2537 949 2591 et
966 2529 1051 2592 dolor

293 2616 323 2675 io
339 2614 441 2675 limine
455 2615 519 2693 ipso
536 2622 647 2676 maesta
663 2613 834 2675 lamentatio
1205 2610 1236 2659 3⁶⁰

294 2698 422 2777 hospitia
437 2699 524 2777 digna
540 2717 664 2778 prorsus
679 2700 796 2761 inferno
812 2700 938 2779 hospite.

260 2791 280 2841 d
340 2797 443 2844 nuru.
468 2783 563 2845 Tenet
577 2783 756 2846 obstinatum
773 2785 907 2846 Phaedra
924 2785 1079 2847 consilium
1094 2782 1166 2844 necis

294 2976 497 2988 ——n——-

322 3165 328 3177 ι
347 3101 413 3177 ι839
431 3106 556 3165 perithoo
574 3110 599 3157 Α
623 3106 743 3173 perithoi
761 3108 784 3157 Il
805 3106 907 3171 piritho
926 3122 941 3157 o
960 3119 974 3157 ε
1000 3105 1115 3157 comiti
1131 3098 1197 3167 paria

297 3164 419 3215 Pirithoi
437 3172 468 3218 ci.
490 3173 567 3224 Gron.
587 3172 598 3242 ΙΙ
614 3178 665 3227 840
683 3174 804 3228 caudore
822 3174 961 3238 pallerent
979 3175 1003 3223 Α
1023 3174 1128 3240 pallore
1144 3180 1196 3218 cen·

298 3230 395 3279 dorent
413 3232 437 3280 E
447 3233 468 3314 ⁸ll
491 3240 832 3293 Tnnsnvs·nvrtt1x
849 3242 901 3292 ΕΑ
922 3238 933 3308 Η
956 3242 1007 3291 sto
1026 3247 1057 3291 uc
1074 3242 1098 3292 Α
1117 3241 1143 3289 et
1156 3233 1178 3283 Ji
1191 3230 1197 3295 l

298 3294 468 3373 Biheleusrs
488 3308 511 3354 Α
532 3309 638 3361 eleusin
650 3311 676 3361 E
695 3308 754 3377 (sed
765 3312 812 3361 litt.
828 3311 857 3359 in
870 3326 886 3361 a
899 3326 929 3359 m.
943 3314 960 3364 2.
972 3312 998 3359 in
1010 3309 1076 3374 rac.)
1087 3305 1099 3375 {l
1111 3307 1196 3369 trepto-

298 3361 364 3411 ¹⁰¹¹¹²
381 3362 406 3410 Ε
428 3362 440 3430 ll
463 3370 511 3421 851
534 3391 638 3431 mersus
656 3380 790 3430 malorum
808 3376 869 3429 finis
889 3379 913 3427 Α
938 3392 1047 3428 mensus
1070 3380 1093 3428 V
1113 3390 1150 3425 un.
1170 3384 1198 3420 ex

298 3427 365 3477 Pau·
384 3438 591 3508 ⁸0¹¹⁸¹1⁸tll852
609 3448 749 3497 reuulsam
768 3451 873 3497 tartaro
892 3446 1087 3496 extraherelA
1104 3437 1198 3493 reuulso

298 3496 406 3573 ῒθῐῑβῐῗ
418 3499 592 3583 abstraheret
604 3516 629 3565 Ε
640 3511 652 3581 ΙΙ
664 3519 715 3568 860
728 3521 755 3565 et
768 3515 813 3579 (al.
823 3513 864 3579 in)
877 3513 971 3565 limine
985 3516 1014 3564 in
1024 3515 1084 3579 ipso
1093 3510 1198 3567 mesico

300 3564 341 3638 et.
356 3574 440 3637 {mm
457 3585 518 3636 ¹P⁸⁰
536 3587 617 3633 uasta
635 3600 654 3634 α
672 3585 701 3633 in
719 3584 813 3633 limine
832 3585 892 3647 ipso
910 3586 999 3649 mesta
1017 3582 1043 3631 E
1064 3579 1076 3648 Η
1098 3580 1143 3631 861
1159 3575 1198 3625 ho·

299 3630 385 3690 sprtro
403 3634 442 3683 εΑ
464 3650 600 3709 suspicio
618 3654 649 3701 ci.
671 3653 749 3706 Gran.
773 3648 785 3716 Η
