2750 4250
327 374 369 439 70
606 387 962 437 n.auunn1snunc.tn

325 529 392 592 hac
406 547 422 591 s
427 547 474 609 pe
488 529 612 591 minanti
626 528 740 592 tulmen
755 537 893 592 occurret
908 529 982 601 Ioui,

287 623 314 681 h'
367 615 443 676 Hac
464 632 530 694 spe
544 613 656 677 subibit
670 615 796 694 gurgitis
811 615 916 677 tumidi
930 617 1025 678 minas

327 698 510 780 dubiumque
524 699 638 780 libycae
654 700 750 779 Syrtis
764 699 887 762 intrabit
901 701 1019 771 fretum,

326 784 393 847 bac
414 803 494 866 spe,
512 785 591 866 quod
607 802 673 848 esse
688 787 850 846 maximum
866 794 950 847 retur
966 785 1083 855 malum,

323 869 448 933 fratrem
463 870 583 932 uidebit.
728 911 729 914 ,

325 967 400 1016 snm
610 956 677 1036 quis
692 955 781 1018 fidem
797 957 880 1036 pacis
895 954 994 1017 dabit?

324 1041 373 1101 cui
387 1047 467 1101 tauta
482 1039 603 1102 credet?

325 1138 404 1185 Aru.
635 1125 756 1188 credula
774 1134 818 1188 est
831 1144 916 1207 spes
931 1125 1065 1204 inproba.

298 1225 309 1272 i
369 1210 471 1272 Gnatis
485 1217 584 1272 umen
598 1211 735 1274 mandata
752 1230 828 1292 quae
843 1217 950 1293 patruo
967 1211 1062 1273 ierant

326 1293 475 1357 dabimus:
492 1295 603 1356 relictis
619 1295 687 1359 exul
702 1298 839 1376 hospitiis
854 1314 948 1374 uagus

325 1398 417 1459 regno
432 1388 466 1442 ut
479 1381 657 1442 miserias
671 1388 766 1444 mutet
781 1389 870 1461 atque
885 1382 981 1461 Argos
996 1390 1080 1459 regat

325 1473 460 1543 exparte
477 1465 622 1527 dominus.
650 1468 674 1528 si
691 1469 780 1528 nimis
795 1468 888 1529 durus
903 1485 1010 1546 preces

324 1558 446 1630 spernet
461 1551 618 1630 Thyestes:
640 1550 752 1614 liberos
767 1554 831 1614 eius
846 1552 937 1615 rudes

323 1635 468 1717 malisque
483 1636 579 1697 fessos
594 1636 736 1715 grauibus
752 1646 782 1699 et
797 1636 897 1700 faciles
913 1639 979 1718 capi

324 1740 430 1800 preces
445 1721 617 1782 mouebunt.

291 1818 308 1839 ·‘
672 1807 749 1868 Hinc
764 1814 851 1869 uetus
866 1809 952 1887 regni
967 1808 1052 1869 furor

324 1889 406 1952 illinc
422 1899 537 1968 egestas
553 1892 642 1953 tristis
658 1909 697 1953 ac
713 1892 806 1954 durus
821 1892 907 1955 labor

322 1978 457 2056 quamuis
473 1978 618 2054 rigentem
634 1985 678 2038 tot
694 1977 778 2038 melis
793 1978 930 2056 subigent
945 1980 1052 2039 uirum.

323 2073 398 2121 sur,
425 2062 484 2122 iam
500 2068 616 2142 tempus
631 2061 672 2125 illi
686 2063 758 2126 iecit
773 2081 932 2126 aerumnas
947 2062 1038 2126 leues.

323 2160 403 2210 Aru.
433 2165 534 2209 erras:
551 2148 698 2212 malorum
715 2168 819 2211 sensus
835 2152 980 2211 accrescit
995 2150 1051 2212 die.

322 2232 389 2294 leue
405 2240 451 2294 est
466 2234 641 2296 miserias
656 2234 745 2305 ierre,
761 2236 896 2314 perferre
912 2244 957 2296 est
971 2251 1073 2313 graue.
1134 2264 1136 2269 ’

287 2336 307 2395 p
368 2331 443 2379 ssu.
468 2317 548 2380 Alios
563 2321 716 2382 ministros
731 2319 836 2382 consili
851 2322 941 2382 tristis
955 2319 1038 2400 lege:

322 2405 426 2485 peiora
439 2404 564 2476 iuuenes
580 2405 664 2466 facile
679 2414 839 2485 praecepta
854 2406 986 2475 audiunt,

321 2491 352 2549 iu
371 2496 456 2568 patre
471 2489 594 2560 sacient,
611 2491 752 2572 quicquid
768 2492 797 2551 in
813 2498 919 2570 patruo
935 2490 1034 2569 doces,

322 2593 411 2654 saepe
426 2576 456 2635 in
471 2576 644 2654 magistrum
660 2575 809 2637 scelera
829 2576 984 2638 redierunt
998 2594 1061 2638 sua.

281 2652 310 2709 k'
364 2672 444 2722 ΛΤΒ.
470 2660 1201 2724 themodoceatiraudisetsceierisuias:
1266 2656 1267 2669 ¹

321 2763 448 2825 regnum
465 2745 592 2806 docebit.
618 2764 657 2823 ne
670 2747 740 2808 mali
755 2747 827 2807 fient
841 2748 948 2808 times?
969 2802 972 2809 r

320 2838 485 2893 nascuntur
499 2830 586 2892 istud.
615 2831 695 2909 quod
710 2850 800 2894 uocas
816 2851 940 2894 saeuum
955 2850 1094 2912 asperum

320 2918 426 2997 agique
442 2916 516 2977 dure
533 2916 629 2977 credis
647 2924 676 2977 et
691 2919 814 2979 nimium
830 2919 925 2997 inpie,

321 3002 448 3065 fortasse
465 3008 493 3062 et
506 3000 569 3063 iilic
583 3004 693 3079 agitur.

389 3208 440 3257 290
457 3208 550 3271 tegitur
567 3208 593 3256 in
611 3206 636 3255 Ε
652 3213 714 3271 post
731 3223 755 3255 u.
768 3208 818 3260 293
841 3202 853 3273 ΙΙ
876 3208 926 3257 300
945 3207 1005 3257 eius
1023 3206 1105 3257 rudes
1123 3221 1143 3255 ro
1160 3192 1222 3250 aeui

213 3288 215 3293 ’
320 3289 343 3325 r.
362 3278 394 3324 ci.
415 3274 507 3336 Nus„
526 3274 644 3326 melius
662 3290 683 3324 r.
703 3276 734 3325 ci.
746 3274 902 3327 L.Mueller.
925 3270 937 3341 ΙΙ
967 3277 1017 3326 302
1036 3278 1221 3341 preeommoue·

320 3342 390 3392 bunt
415 3346 457 3392 uel
482 3358 565 3407 prece
588 3343 779 3407 monebunto
814 3359 897 3407 prece
916 3343 1092 3394 commonebo
1110 3336 1221 3392 Effluit·
1264 3358 1265 3381 t

321 3425 357 3460 σω
367 3410 434 3461 Pau.
478 3425 543 3460 rece
561 3410 774 3462 commonebant
791 3413 822 3461 ci.
837 3412 992 3463 LMuelier.
1022 3426 1124 3476 preces
1145 3413 1222 3457 moue·

321 3477 390 3527 bunt
408 3494 427 3528 α
458 3426 481 3545 H
506 3481 556 3530 303
581 3479 647 3528 hinc
669 3478 753 3529 durus
775 3496 796 3530 ω
827 3495 866 3529 ac
890 3479 974 3530 durus
993 3478 1043 3545 80,
1123 3468 1221 3552 307}st

321 3561 407 3611 grune
425 3546 452 3597 E
471 3550 513 3597 est
531 3562 578 3597 ono
591 3549 617 3597 Α
639 3544 652 3614 ΙΙ
675 3550 726 3599 308
744 3548 867 3598 consiliis
885 3548 909 3609 (s
928 3564 997 3601 eras.
1015 3550 1042 3598 in
1058 3548 1083 3598 R
1115 3540 1220 3620 crispati

321 3614 444 3666 consiliis
468 3616 531 3666 istis
553 3631 572 3665 α
602 3614 714 3665 consilii
735 3616 823 3667 tristis
841 3616 960 3677 JlPatt„
989 3614 1090 3667 consili
1107 3598 1221 3665 tristuss

322 3673 352 3744 (t.
367 3683 423 3748 Gr.)
452 3680 465 3750 ΙΙ
494 3686 543 3735 309
562 3683 641 3733 ATR.
659 3684 755 3748 peiora
773 3684 798 3732 E
825 3684 1006 3736 Armenii
1029 3682 1041 3751 b
