2750 4250
440 1183 444 1192 .
542 1150 685 1198 NVTRIX.

195 1305 330 1386 Fulgore
345 1309 443 1388 primo
460 1315 563 1388 captus
579 1315 608 1370 et
624 1307 721 1386 fragili
736 1307 816 1368 hono

158 1391 269 1452 fallacis
286 1391 372 1454 aulae
388 1394 520 1472 quisquis
536 1394 676 1454 attonitus
692 1399 805 1471 stupet:

156 1476 249 1538 subito
266 1477 397 1540 labantis
413 1495 482 1539 ecoe
499 1477 635 1538 fortunae
651 1481 763 1556 impetu

156 1561 241 1623 niodo
258 1570 486 1642 praepotentem
504 1573 606 1624 cernat
623 1581 758 1624 euersam
776 1563 897 1625 domum

156 1649 340 1726 stirpemque
357 1647 459 1709 Claudi
477 1651 562 1710 cuius
577 1650 703 1727 imperio
719 1648 773 1709 init

156 1732 307 1795 subiectus
322 1732 420 1803 orbis,
437 1735 536 1812 paruit
551 1732 627 1794 liber
642 1733 694 1794 diu

157 1816 293 1880 Oceanus
309 1827 338 1879 et
353 1819 467 1898 recepit
482 1820 592 1879 inuitus
607 1826 697 1880 rates.

158 1990 254 2065 ignota
271 1997 303 2050 et
318 1999 387 2049 ante
403 1988 545 2049 classibus
560 1990 634 2051 texit
649 1990 722 2050 ireta

157 2073 292 2154 interque
309 2082 414 2153 gentes
429 2073 573 2137 barbaras
587 2082 670 2136 tutus
685 2075 741 2135 soit

159 2168 185 2218 et
199 2177 289 2221 sacua
306 2160 415 2228 maria,
433 2162 566 2237 coniugis
581 2158 696 2221 scelere
712 2160 835 2235 occidit,
1094 2180 1128 2229 4⁶

220 2330 306 2381 Lucii
325 2326 408 2397 aunei
421 2344 520 2380 senece
530 2329 693 2393 Agamenon
711 2328 834 2394 explicit.
854 2331 960 2397 Incipit
973 2310 1077 2383 octaria

161 2396 278 2449 eiusdem
298 2412 348 2448 seu
361 2396 489 2448 claudius
506 2413 570 2463 ymo
582 2412 650 2448 nero
667 2398 697 2447 in
714 2398 845 2464 populum
857 2415 1009 2451 romanum.
1039 2401 1078 2450 Et

160 2464 329 2531 proloquitur
347 2466 460 2517 octauia
474 2480 647 2530 conquerens
665 2464 699 2515 de
713 2466 884 2519 aduersitate
903 2483 955 2519 sua
972 2469 1002 2519 in
1015 2484 1077 2519 suo·

160 2580 212 2615 rum
237 2568 338 2619 exicio.
369 2568 406 2617 Et
428 2567 500 2620 haec
524 2571 569 2617 est
590 2580 603 2619 2
626 2541 739 2632 trago
766 2568 843 2632 Lutij
862 2571 952 2635 Agnei
971 2571 1077 2621 Senece

161 2632 342 2687 Cordubensis
367 2634 489 2687 Octauia
506 2636 613 2700 incipit.
640 2637 667 2687 V
694 2635 801 2687 Senece
821 2643 904 2701 poete
922 2640 1078 2704 tragediarg

160 2700 225 2753 liber
243 2709 362 2754 octauus
381 2703 427 2769 qui
446 2719 629 2769 agamemnon
642 2703 744 2755 dieitur
761 2703 806 2754 laic
825 2704 941 2769 explicit
958 2712 986 2755 et
1005 2708 1076 2757 eius·

162 2768 216 2821 dem
233 2786 323 2823 nonus
343 2772 390 2836 qui
408 2773 523 2825 octauia
539 2773 699 2822 nominatur
710 2772 822 2837 Incipit.
843 2773 865 2823 G
892 2772 983 2824 Marci
994 2773 1075 2837 Lucij

159 2839 223 2889 Anci
235 2840 345 2891 Seneca
360 2838 491 2903 Ocltauia
510 2840 651 2905 Tragedia
662 2841 743 2891 Nona
759 2840 865 2905 Incipit
876 2842 938 2891 311
961 2842 995 2891 In
1012 2844 1077 2893 313
1105 2876 1108 2880 -

161 2906 214 2957 312
225 2924 243 2973 g
258 2906 295 2971 (B
301 2907 325 2974 ?)
338 2910 411 2959 deest
420 2910 564 2972 immptio.
583 2908 765 2973 Argumentum
774 2909 914 2969 sobotoeta
923 2910 987 2960 313
996 2926 1075 2974 prac-

161 2976 251 3027 niaeum
263 2977 332 3027 hicce
346 2978 451 3042 incipit:
467 2976 538 3029 iton
550 2992 586 3027 ne
598 2976 728 3043 tragedia
739 2992 792 3041 que
806 2977 908 3027 dicitur
920 2979 1042 3029 octauia.

220 3130 359 3195 Prolopom
377 3129 417 3192 (u.
436 3132 504 3180 35-
515 3128 563 3194 bl)
581 3144 629 3180 arao
646 3132 703 3181 loco
719 3130 834 3180 nstituit
851 3130 908 3182 3Ρ.
938 3130 1077 3181 NVTRIX

162 3195 254 3248 nitra
266 3214 314 3249 om.
330 3198 352 3248 θ
371 3198 470 3249 mato
487 3199 581 3248 nutrix
599 3211 694 3247 secum
714 3197 735 3247 G
752 3193 765 3265 ll
784 3200 818 3249 85
836 3198 916 3248 facili
934 3200 959 3249 Α
981 3199 1078 3265 fragili

162 3261 215 3340 313
238 3264 286 3330 (cf.
305 3264 367 3319 Sca.
390 3265 488 3317 Troad.
501 3265 530 3330 5)
553 3262 565 3332 ΙΙ
590 3268 622 3317 37
647 3266 698 3315 sub
716 3281 779 3330 ymo
797 3266 915 3318 latentis
932 3268 996 3318 313
1025 3268 1077 3318 snb

162 3345 207 3381 uno
224 3334 274 3385 lat.
294 3334 321 3384 V
344 3332 394 3383 sub
412 3348 467 3385 nno
485 3333 576 3386 late
603 3334 696 3385 subito
714 3334 765 3385 lat.
782 3336 807 3383 A
827 3335 920 3387 subito
938 3335 1077 3386 labantia
1121 3350 1123 3352 ’

163 3397 343 3467 liopdelaenpr'ua
359 3397 370 3469 Η
388 3404 422 3453 40
440 3405 533 3467 patuit
550 3403 615 3453 313
626 3398 638 3469 [Ι
649 3404 683 3452 ta
703 3416 738 3452 en
756 3402 781 3451 Α
799 3402 837 3451 Et
853 3403 918 3453 313
934 3400 947 3469 Η
967 3418 1017 3454 ora
1034 3409 1077 3454 ta-

163 3469 215 3519 nais
232 3470 258 3521 Α
282 3485 333 3520 ora
350 3476 451 3521 tanaes
473 3471 498 3521 V
519 3486 568 3521 ora
586 3472 657 3520 trais
676 3472 741 3522 313
764 3468 908 3521 Britanis
926 3471 1044 3536 Scaliger
1063 3472 1077 3536 ΙΙ

163 3533 218 3616 iugo
226 3538 256 3619 ,Α
268 3539 333 3590 313
351 3540 417 3610 iugo
429 3554 499 3589 corr.
511 3540 625 3620 ecc-iuga
639 3539 659 3589 0
676 3541 771 3603 iugum
784 3539 877 3589 Vltrni.
890 3534 903 3605 ΙΙ
914 3539 1076 3591 Britannos

163 3603 966 3741 {stultitiaiiiiiitiftttttlittllttttt
980 3608 1074 3741 iiim·
