2750 4250
299 329 362 395 124
577 343 936 394 n.nnnnn1snnncnn

297 483 462 546 recondere
476 483 597 545 ensem?

263 582 282 632 b
630 566 768 638 Qualibet
782 567 879 645 gaude
893 583 992 628 mora:

298 653 328 714 id
344 670 450 732 gerere
466 651 578 714 bellurn
594 655 701 732 cupitis
715 655 745 712 in
762 670 822 733 qno
838 661 884 714 eet
899 652 1043 731 optimum

297 739 388 799 uinci.
418 740 571 798 ueneris
585 738 686 798 fratris
701 739 800 799 infesti
815 735 918 798 dolosi

299 824 436 902 quotiens
452 840 574 884 necesse
589 833 634 884 est
649 823 753 884 tallere
768 831 818 883 aut
833 821 893 883 ialli
909 841 925 883 a
941 823 1011 892 suis,

297 909 412 987 patiare
428 908 526 986 potins
540 908 604 986 ipse
620 926 709 988 quam
725 907 814 968 iacias
829 906 935 970 scelus.

259 995 286 1054 b'
341 992 400 1054 Sed
416 1010 460 1053 ne
474 1010 628 1053 uerene:
644 1001 739 1054 mater
753 991 875 1052 insidias
891 1000 919 1052 et
934 991 1004 1054 hinc

299 1083 329 1137 ct
343 1094 449 1138 rursus
463 1074 546 1137 illinc
562 1076 669 1156 abiget.
701 1095 793 1138 exoro
808 1094 844 1136 an
860 1079 938 1154 patri

297 1161 417 1223 inuidco
433 1165 556 1224 uestroi
578 1164 648 1223 ueni
663 1171 697 1223 ut
711 1178 845 1222 arcerem
862 1162 945 1223 naias

299 1263 337 1306 an
354 1255 386 1307 ot
399 1246 533 1308 uiderem
548 1247 692 1326 propios?
706 1281 748 1290 -
762 1246 813 1307 hio
828 1246 942 1309 terrum
959 1246 1078 1319 abdidit,

298 1329 419 1392 reclinis
434 1339 527 1402 astat,
544 1349 625 1392 arma
642 1331 737 1393 dedra
753 1331 905 1393 incubant
1122 1361 1144 1403 a,
1156 1357 1256 1404 xerxen

268 1430 286 1480 b
341 1415 386 1476 dd
400 1422 430 1476 te
444 1434 551 1496 preces
564 1433 645 1477 nnnc
660 1423 913 1495 gnatematernas
928 1416 1030 1488 ieram,
1238 1434 1247 1478 t

297 1499 350 1560 sed
365 1506 434 1561 ante
448 1500 595 1562 lacrimas,
627 1507 715 1562 tenco
731 1499 821 1578 longo
836 1509 970 1580 tempore

298 1586 390 1662 petita
406 1586 483 1646 uotis
498 1605 559 1647 ora.
591 1592 620 1646 te
634 1585 795 1665 profugum
811 1585 875 1646 solo
1217 1599 1248 1648 140

297 1671 394 1746 patrio
410 1678 532 1748 penates
546 1670 626 1746 regis
641 1671 758 1731 externi
772 1676 892 1750 tegunt:

297 1761 327 1814 tc
343 1756 498 1824 mariatot
512 1753 645 1825 diuersa,
661 1760 705 1815 tot
720 1773 805 1816 casus
820 1771 929 1832 uagum

298 1855 403 1916 egere:

269 1939 287 1989 b
454 1923 519 1984 Non
535 1931 564 1986 te
580 1924 706 1986 duritia
723 1923 866 1985 thalamos
881 1941 990 2002 parens

300 2008 437 2068 comitata
453 2009 566 2086 primos
581 2027 636 2070 nec
652 2025 705 2070 sua
721 2009 812 2069 iestas
833 2025 922 2069 manu

299 2093 419 2153 ornauit
433 2093 522 2156 aedes
536 2111 591 2156 nec
607 2112 659 2156 sna
674 2091 766 2155 iactas
781 2093 862 2155 iaces

298 2180 370 2238 uitta
386 2180 529 2250 reninxit,
546 2180 640 2240 dona
655 2196 717 2240 non
734 2196 806 2240 auro
822 2196 931 2257 graues
996 2244 1001 2257 s

299 2280 390 2341 gazas
404 2280 492 2325 socer
505 2281 565 2324 non
581 2282 653 2325 arna
669 2280 729 2323 non
745 2263 837 2325 nrbes
853 2262 942 2324 dedit.

261 2352 290 2411 b'
345 2347 476 2411 Dotaie
491 2348 601 2410 bellum
617 2356 673 2410 est.
704 2348 834 2410 hostium
850 2348 992 2411 esiactns
1006 2366 1099 2429 gener
1240 2358 1258 2407 tt

265 2448 269 2454 ·
298 2434 396 2511 patria
411 2441 544 2495 remotus
558 2434 668 2514 hospes
683 2431 771 2494 alieni
785 2432 856 2494 iaris

298 2524 421 2579 externa
437 2526 612 2579 consecutos
627 2516 767 2597 expulsus
782 2519 839 2579 tuis
1218 2528 1250 2581 150

298 2603 361 2663 sine
377 2603 499 2663 crimine
515 2602 592 2664 exui,
623 2602 748 2682 nequid
765 2623 781 2664 e
797 2603 862 2665 tatis
878 2600 930 2665 tihi

366 2894 415 2945 137
441 2892 556 2945 reclinis
575 2892 697 2956 (reclinis
715 2889 749 2955 R)
773 2892 872 2943 hastae
891 2896 919 2943 et
937 2907 1015 2943 orme
1032 2890 1122 2943 defixa
1138 2892 1204 2941 incn-

296 2961 367 3011 bant
383 2961 409 3010 A
430 2960 544 3011 reclinis
562 2960 662 3011 hastae
680 2972 758 3010 arma
776 2960 802 3011 d.
821 2962 840 3009 i.
860 2960 886 3009 Ε
908 2961 1022 3012 reclinis
1041 2964 1127 3011 estet
1143 2974 1166 3009 a.
1182 2956 1204 3006 d.

296 3029 438 3079 incubone
460 3031 491 3083 oi.
510 3029 601 3090 I.Gr.,
636 3026 702 3077 recl.
723 3030 810 3089 estat,
832 3044 858 3077 a.
877 3027 902 3077 d.
920 3028 1058 3079 incubant
1077 3019 1196 3092 empsit

297 3099 347 3146 142
364 3100 392 3145 tc
410 3098 500 3147 morio
518 3100 636 3147 tottam
653 3095 765 3145 diuersa
778 3095 804 3145 E
822 3099 880 3145 tem
897 3112 944 3161 om.
958 3097 984 3147 A
1002 3112 1052 3162 per
1069 3096 1155 3147 maria
1170 3094 1205 3142 tot

296 3167 353 3215 tom
370 3165 452 3215 uaria
468 3166 501 3215 oi.
513 3166 598 3225 I.Gr.,
621 3168 648 3214 te
668 3178 773 3214 emera
792 3164 823 3217 ei.
835 3163 885 3214 Bo.
906 3164 970 3227 sort.
990 3168 1018 3215 te
1037 3163 1154 3215 damna
1170 3161 1206 3209 tot

296 3235 353 3282 tem
371 3233 472 3283 uario
495 3229 508 3299 ss
531 3233 581 3283 144
596 3231 670 3282 letes
687 3238 712 3296 ψ
730 3231 807 3283 festo
824 3232 851 3281 Ε
872 3230 961 3283 festos
973 3232 999 3282 A
1022 3228 1034 3299 [Ι
1058 3234 1109 3283 145
1125 3230 1205 3280 laetat

295 3300 375 3351 iaces
392 3298 431 3348 Ea
447 3305 474 3351 tn
489 3316 544 3350 roo.
574 3296 587 3366 ΙΙ
615 3301 665 3350 146
683 3315 751 3353 auro
771 3306 801 3350 et
818 3314 919 3365 graues
938 3301 964 3351 A
993 3315 1059 3351 euro
1078 3300 1103 3350 Ε
1121 3302 1148 3349 et
1163 3310 1202 3347 on.

295 3367 351 3419 Et.
364 3367 437 3419 Ldr.
451 3376 478 3418 et
489 3368 603 3433 Nilaca
631 3365 643 3435 [Ι
673 3370 722 3419 147
741 3369 838 3435 galeas
857 3368 882 3417 Ε
904 3382 991 3433 goras
1008 3369 1034 3419 A
1063 3364 1076 3435 [1
1104 3360 1204 3419 arnaA

295 3452 374 3488 arma
390 3435 442 3503 Εψ
464 3432 476 3500 ΙΙ
498 3436 582 3487 urbes
600 3454 622 3487 ω
643 3436 778 3487 orbecci.
797 3437 863 3491 R.P.
887 3432 899 3503 ΙΙ
923 3438 972 3489 148
991 3436 1110 3488 hostium
1128 3437 1169 3485 est
1183 3427 1222 3479 Ε,

295 3506 322 3561 h.
336 3519 367 3556 es
383 3506 420 3557 A.
455 3505 536 3556 uerba
553 3505 647 3556 dotale
663 3530 698 3541 -
716 3509 759 3555 est
776 3504 892 3555 Eteoclis
910 3520 966 3557 ecce
976 3511 1053 3570 putat
1063 3500 1183 3556 Saoododo
1197 3491 1205 3561 ΙΙ

296 3576 346 3626 160
362 3574 432 3625 meis
449 3578 481 3625 ct.
499 3572 594 3633 Sreod„
613 3574 657 3639 qui
671 3574 697 3625 o.
715 3590 740 3623 o.
760 3580 785 3623 et
804 3574 864 3623 151·
882 3574 995 3625 Polinioi
1011 3566 1150 3639 odsiqactss
1162 3566 1202 3617 151

294 3642 398 3708 nequid
417 3659 432 3694 e
450 3644 476 3694 A
498 3642 596 3707 nequit
614 3640 647 3692 de
664 3640 690 3689 Ε
712 3636 725 3705 ΙΙ
