2750 4250
566 377 745 427 rnunsrus
1072 369 1113 434 75

214 516 369 598 uultumque
384 526 484 580 uersat
499 537 592 598 seque
606 520 637 578 in
652 520 768 580 incerto
782 527 872 582 tanat.

184 608 203 668 e'
248 616 320 663 rur.
343 604 417 675 Quid
433 605 555 664 anime
570 603 724 683 pendes,
741 605 851 686 quidue
866 607 1022 669 consilium
1038 609 1087 672 diu

210 693 261 746 tam
275 686 354 748 facile
370 688 510 766 torques?
525 689 617 750 rebus
631 690 840 752 incertissimis

210 771 282 833 iratri
296 780 381 852 atque
395 791 490 852 regno
505 774 603 835 credis
619 792 653 835 ac
669 776 776 836 metuis
791 774 867 836 maia
1128 799 1179 850 42⁶

209 858 257 918 nm
271 859 360 927 uicta,
375 860 434 920 iam
451 869 604 921 mansueta
620 865 649 920 et
663 877 822 920 aerumnas
838 860 915 940 fugis

208 941 274 1004 bene
287 941 460 1005 collocatas?
481 963 547 1007 esse
561 947 618 1006 iarn
635 946 778 1007 miserum
793 948 883 1008 iuuat.

207 1029 315 1090 reflecte
329 1045 465 1106 gressum
482 1029 552 1091 dnm
568 1030 637 1091 iicet
651 1039 741 1110 teque
757 1033 848 1108 eripe.

181 1125 196 1177 d
245 1127 340 1174 rtur.
364 1116 447 1188 Quae
461 1133 550 1178 causa
566 1116 645 1193 cogit
659 1117 776 1194 genitor
793 1135 808 1178 a
824 1118 918 1194 patria
935 1118 1058 1197 gradum

207 1200 307 1260 referre
320 1201 403 1261 uisa?
420 1216 474 1279 cur
488 1199 576 1261 bonis
590 1201 679 1261 tantis
693 1201 790 1261 sinum
1126 1224 1178 1274 430

207 1283 349 1344 subducis?
372 1286 418 1345 ira
433 1286 554 1346 irater
569 1284 682 1346 abiecta
698 1284 776 1347 redit

207 1376 366 1448 partemque
382 1371 469 1448 regni
485 1370 583 1431 reddit
600 1377 629 1431 et
644 1369 760 1432 lacerae
776 1370 882 1432 domus

207 1455 334 1531 conponit
349 1463 433 1517 artus
449 1463 538 1534 teque
553 1456 681 1517 restituit
696 1455 759 1517 tibi.

179 1564 191 1597 c
242 1552 316 1599 rur.
340 1541 465 1602 Causam
481 1542 596 1602 timoris
610 1541 673 1619 ipse
688 1558 776 1621 quam
793 1543 899 1620 ignoro
915 1544 1017 1622 exigis,

205 1622 267 1683 nihil
281 1625 443 1686 timendum
458 1626 562 1697 uideo,
578 1627 631 1687 sed
647 1627 737 1687 timeo
752 1635 862 1690 tamon.
1128 1647 1178 1699 435

203 1707 290 1786 piacet
303 1711 360 1781 ire,
376 1711 469 1790 pigris
485 1711 620 1773 membra
634 1711 687 1771 sed
703 1710 839 1790 genubus
854 1711 956 1773 labant

203 1791 309 1874 alioque
324 1815 413 1875 quam
429 1815 487 1877 quo
503 1797 583 1857 nitor
598 1795 743 1857 abductus
758 1795 851 1858 seror.

203 1879 242 1938 sic
255 1882 426 1942 concitatam
440 1883 553 1962 remige
570 1889 599 1942 et
612 1879 681 1942 uelo
697 1888 791 1942 ratem

201 1971 289 2025 aestus
303 1968 445 2029 resistens
460 1968 567 2045 remigi
583 1975 613 2027 et
628 1965 696 2027 uelo
712 1967 815 2027 raiert.

172 2048 191 2105 ε’
239 2064 334 2113 rtur.
357 2052 470 2113 Euince
485 2052 625 2133 quicquid
640 2049 738 2112 obstat
753 2061 782 2113 et
797 2061 926 2113 montom
942 2053 1056 2135 inpedit
1124 2073 1174 2124 440

201 2135 389 2219 reducemque
405 2146 514 2217 quanta
530 2138 662 2216 praemia
678 2144 837 2216 expectent
852 2139 931 2211 uide,

201 2230 286 2298 pater,
302 2231 386 2302 potes
402 2242 546 2303 regnare.

201 2319 273 2368 rur.
567 2326 635 2368 cum
651 2308 761 2385 possim
775 2310 860 2369 mori.

200 2409 303 2453 mmma
319 2402 364 2455 est
378 2401 508 2472 potestas
522 2391 602 2454 nulla
618 2394 644 2454 si
659 2392 761 2471 cupias
777 2393 859 2453 nihii.

201 2490 294 2538 rtur.
318 2480 415 2557 gnatis
430 2478 591 2559 relinques.

201 2565 272 2624 ritu.
617 2579 677 2622 non
694 2562 772 2641 capit
786 2580 912 2641 ragnum
929 2565 1013 2628 duos.

200 2659 293 2708 rtur.
315 2650 407 2709 miser
422 2666 488 2710 esse
503 2646 616 2709 mauult
631 2664 697 2709 esse
713 2649 764 2726 qui
779 2648 849 2709 felix
865 2651 979 2728 potest?
1120 2671 1170 2719 445

172 2762 184 2795 e
236 2747 312 2795 rur.
334 2733 404 2794 Mihi
421 2734 525 2802 crede,
541 2732 622 2794 falsis
637 2750 743 2810 magna
758 2733 926 2795 nominibus
941 2735 1074 2814 placent,

200 2816 299 2879 frustra
314 2821 458 2881 timentur
474 2819 557 2880 dura.
587 2817 658 2879 dum
674 2815 809 2879 excelsus
824 2822 900 2888 stati,

199 2918 347 2983 numquam
365 2923 476 2984 pauore
492 2904 590 2965 destiti
605 2911 695 2982 atque
710 2904 807 2981 ipsum
825 2906 885 2965 moi

199 2986 301 3049 serrum
314 2991 421 3051 timere
437 2988 546 3050 icteris.
576 2994 753 3068 oquantum
770 2986 882 3049 honum
899 2996 943 3050 est

199 3071 308 3136 obstare
322 3073 406 3137 nulii.
437 3070 562 3160 [capere
574 3091 701 3136 securas
716 3076 811 3150 dapes
1122 3095 1173 3144 450

198 3157 274 3219 dumi
287 3155 460 3242 iacentem]
493 3158 606 3221 scelera
623 3176 683 3220 non
698 3159 810 3219 intrant
825 3177 908 3220 casas

256 3331 305 3382 428
323 3331 441 3381 deflecte
454 3331 480 3381 Α
503 3332 588 3384 rene
615 3327 626 3395 ΙΙ
652 3331 704 3379 436
722 3328 901 3393 subgennbua
913 3329 938 3379 Ε
961 3331 1010 3381 sed
1029 3334 1106 3397 geni·

198 3392 277 3449 burn
299 3394 311 3465 ss
333 3399 385 3450 438
403 3404 488 3449 uento
501 3399 527 3449 Α
549 3397 613 3449 nelo
631 3410 645 3448 ε
667 3393 680 3462 [Ι
703 3398 753 3447 439
771 3406 953 3463 resurgensotr
972 3398 1105 3450 resistens

199 3461 258 3532 αεὶῙΙ
278 3467 329 3518 440
346 3467 521 3533 peruinceA
545 3468 641 3516 cuiuce
658 3464 684 3514 d
707 3465 789 3515 uince
807 3465 869 3515 ltro
892 3462 903 3532 ΙΙ
930 3467 981 3517 443
999 3467 1104 3520 ΤΑΝΤ.

200 3527 268 3598 (Phy.
280 3535 317 3599 Α)
336 3550 443 3585 summa
462 3541 504 3585 eat
521 3538 656 3601 potestas.
678 3533 762 3582 THY.
781 3533 859 3583 uuila
877 3548 898 3584 s.
914 3549 938 3583 o.
951 3549 978 3586 u.
996 3552 1018 3585 ω
1039 3535 1106 3585 Tan-

198 3602 237 3649 tali
252 3610 276 3652 et
289 3604 416 3671 Thyestae
434 3605 535 3654 nomina
550 3604 652 3653 cuntulit
664 3602 742 3650 Nlla.
765 3596 778 3667 [1
800 3600 864 3653 450b
877 3604 938 3652 451·
955 3605 1026 3659 eieci,
1045 3620 1105 3655 eon·

197 3665 251 3727 data
270 3687 305 3723 ex
322 3675 361 3723 eis
379 3688 445 3739 quae
461 3677 589 3723 secuntur.
618 3666 630 3735 ΙΙ
659 3671 709 3719 451
729 3684 825 3719 oasam
844 3685 863 3719 α
886 3684 967 3719 casas
985 3670 1034 3734 Εψ
1058 3668 1070 3737 Η
