2750 4250
570 373 692 421 MEDEA

181 510 270 570 etiam
286 512 350 589 ipsa
367 511 461 570 timuit
476 513 585 589 promit
601 521 689 592 atque
704 532 823 575 omnem
840 512 967 594 explicat

180 595 299 656 turbam
316 594 479 656 malorum:
503 614 611 658 arcana
626 609 742 660 secreta
758 599 865 660 abdita.

145 688 162 736 b
221 681 260 742 Et
275 683 361 743 triste
375 680 459 742 laeua
475 700 659 760 conprecans
674 702 791 744 sacrum
809 702 897 745 manu

177 774 279 843 pestes
295 774 381 827 uocat
396 785 598 847 quascumque
614 769 756 830 irruentis
772 776 854 830 creat

176 852 291 912 harena
306 851 414 930 Libyae
430 869 562 930 quasque
578 863 721 934 perpetua
739 855 808 915 niue

177 936 296 996 Taurus
311 937 451 997 cohercet
466 937 578 1016 lrigore
595 946 697 999 arctoo
713 941 813 1017 rigens

177 1029 204 1081 et
219 1039 312 1082 omne
327 1030 493 1084 monstrum
560 1070 566 1082 .

177 1237 509 1252 .......
554 1201 646 1253 tracta
663 1195 785 1270 magicis
802 1193 936 1255 cantibus

174 1276 356 1356 squamifera
371 1275 494 1337 latebris
510 1277 597 1338 turba
613 1278 740 1339 desertis
756 1279 846 1339 adest.

144 1358 167 1416 b'
218 1362 274 1421 llic
292 1380 380 1423 saeua
395 1380 520 1441 serpens
536 1381 645 1441 corpus
660 1365 828 1424 inmensum
845 1363 936 1424 trahit

172 1446 363 1526 trifidamque
378 1447 507 1525 linguam
524 1455 638 1509 exertat
654 1454 683 1508 et
698 1451 813 1526 quaerit
829 1449 937 1528 quibus

170 1534 326 1592 mortifera
343 1534 456 1600 ueniat,
473 1534 605 1594 carmine
622 1533 721 1593 audito
737 1541 836 1611 stupet

171 1616 378 1696 tumidumque
393 1617 480 1677 nodis
496 1635 606 1696 corpus
621 1621 750 1695 aggestis
764 1617 855 1697 plicat

171 1704 312 1781 cogitque
327 1704 356 1763 in
373 1702 471 1764 orbes.
505 1705 616 1782 ‘parua
632 1708 717 1762 sunt'
734 1705 829 1782 inquit
844 1702 939 1763 ‘mala

170 1795 198 1848 et
213 1786 275 1848 uile
293 1787 383 1848 telum
400 1796 445 1848 est
460 1789 517 1848 ima
534 1789 613 1867 quod
630 1787 718 1849 telins
734 1795 829 1849 creat:

170 1872 254 1932 caelo
270 1881 368 1950 petam
385 1891 509 1933 uenena.
540 1876 658 1934 iamiam
675 1883 792 1952 tempus
809 1880 853 1934 est

170 1956 282 2034 aliquid
299 1976 422 2017 mouere
439 1957 543 2019 lraude
558 1959 674 2035 uulgari
691 1959 787 2019 altius.

140 2063 152 2097 e
210 2042 278 2101 Huc
295 2041 343 2102 ille
358 2043 433 2102 uasti
450 2061 533 2102 more
548 2046 687 2103 torrentis
705 2045 804 2104 iacens

169 2128 331 2188 descendat
345 2130 451 2205 anguis
466 2131 549 2189 cuius
564 2131 715 2189 inmensos
732 2131 806 2190 duae

170 2215 266 2273 maior
282 2214 439 2293 minorque
455 2215 585 2274 sentiunt
601 2215 694 2275 nodos
712 2216 791 2275 ierac

170 2297 286 2379 [maior
294 2301 429 2374 pelasgis
444 2308 519 2376 opta
534 2303 660 2361 moeniis
673 2298 788 2381 minor]

169 2401 347 2461 pressasque
362 2384 482 2444 tandem
498 2384 596 2446 soluat
612 2385 759 2464 ophiucus
775 2402 879 2446 manus

168 2470 312 2547 uirusque
327 2469 441 2529 lundat.
472 2469 547 2529 adsit
562 2470 598 2529 ad
615 2479 718 2531 cantus
734 2488 815 2530 meos

167 2551 315 2614 lacessere
330 2572 419 2614 ausus
436 2555 551 2631 gemina
568 2554 682 2633 Python
700 2558 828 2615 numina.

141 2635 159 2693 c'
208 2639 247 2699 Et
262 2638 353 2717 hydra
370 2647 397 2698 et
413 2641 508 2698 omnis
524 2639 628 2698 redeat
643 2640 783 2700 herculeo
799 2657 888 2700 manu

169 2725 282 2785 succisa
299 2742 422 2802 serpens
439 2724 529 2786 caede
545 2743 576 2784 se
592 2742 736 2802 reparans
751 2743 812 2785 sua.

169 2816 198 2869 tu
213 2828 332 2889 qnoque
349 2807 459 2869 relictis
474 2808 599 2887 peruigil
617 2809 735 2869 Colchis
751 2810 821 2870 ades

169 2896 261 2971 sopite
277 2895 405 2972 primum
423 2893 559 2954 cantibus
574 2912 698 2973 serpens
715 2897 811 2955 meis)

169 2987 323 3055 postquam
341 2981 477 3038 euocauit
493 2998 580 3039 omne
596 2987 768 3059 serpentum
786 2997 896 3057 genus:

170 3067 300 3141 congerit
315 3066 347 3123 in
363 3082 454 3124 unum
472 3064 565 3143 frugis
581 3065 725 3125 inlaustac
742 3064 834 3125 mala:

232 3268 281 3317 683
301 3283 340 3316 en
358 3269 505 3331 scripserim
517 3264 529 3333 ll
541 3268 713 3333 complicans
731 3268 756 3319 A
777 3282 957 3332 comprecaris
976 3269 1001 3318 Ε
1012 3266 1024 3337 ΙΙ
1038 3270 1090 3322 684

170 3332 285 3384 feruenti
297 3335 349 3383 EA
369 3335 504 3385 sementis
516 3336 578 3385 814
597 3332 662 3401 1686
681 3342 759 3385 arcto
778 3337 869 3386 oriens
880 3334 913 3385 'E
924 3334 936 3403 ll
948 3338 998 3389 687
1019 3341 1088 3388 lacet-

171 3417 223 3450 nom
233 3405 374 3467 significari
391 3412 495 3453 auctore
508 3404 570 3454 ΕΡ.
583 3401 587 3470 Ι
606 3406 657 3455 688
675 3419 789 3469 sqamea
803 3406 826 3453 A
846 3405 1015 3468 squamifera
1028 3407 1054 3455 E
1074 3410 1087 3472 Η

171 3468 217 3518 689
234 3486 293 3520 sera
311 3473 337 3521 A
357 3486 444 3521 saeuo
456 3472 497 3536 Eg
508 3468 520 3537 Η
537 3473 587 3522 690
605 3486 722 3535 querens
736 3471 760 3520 A
780 3473 889 3537 quaerit
903 3472 926 3521 Ε
938 3470 950 3539 Η
962 3475 1012 3524 696
1031 3475 1087 3524 iam

172 3550 239 3586 nunc
251 3544 356 3603 tempus
376 3539 400 3587 A
419 3540 475 3588 iam
492 3544 600 3604 tempus
619 3540 644 3589 E
662 3542 718 3590 iam
736 3542 791 3589 iam
810 3546 828 3590 t.
848 3540 873 3589 E
891 3547 910 3590 t.
933 3542 976 3591 Gr.
1002 3539 1013 3608 ΙΙ
1038 3544 1088 3593 700

172 3602 257 3669 eiecti!
266 3609 312 3657 702
324 3607 473 3658 FANDAT
482 3609 571 3659 Rescr.
602 3610 651 3658 764
663 3624 761 3658 manus
774 3609 799 3658 E
811 3624 894 3658 manu
907 3610 933 3659 A
942 3607 950 3674 Η
961 3611 1010 3660 705
1022 3609 1087 3675 sede

173 3670 195 3717 Ε
222 3671 309 3724 Qun
327 3676 418 3728 Rescr.
440 3676 524 3725 coede
543 3676 568 3725 A
605 3677 855 3728 7091NFAVTAE
875 3678 964 3729 Rescr.
989 3674 1001 3743 Η
