2750 4250
541 365 709 414 Pnnnuun

185 527 242 569 cum
257 508 347 585 prima
364 523 455 585 puras
470 504 562 566 barba
579 506 710 583 signaret
726 522 816 582 genas

182 593 350 671 monstrique
366 608 485 650 caecam
500 592 597 667 gnosii
612 590 688 650 uidit
704 589 824 649 domum

182 685 206 738 et
218 677 298 753 longa
313 694 404 736 curua
419 674 467 736 iila
483 674 602 752 collegit
615 676 675 735 uia.

152 763 189 820 d'-
218 761 284 831 Quis
297 768 360 821 tum
375 759 423 820 ille
439 758 556 820 fulsit.
587 766 758 837 presserant
773 760 861 819 uittae
876 775 1006 828 comam,

182 855 206 906 et
219 865 266 906 ora
280 845 375 906 flauus
390 853 492 906 tenera
507 843 661 922 tinguebat
675 844 781 922 pudor.

180 933 284 991 inerant
297 929 416 991 lacertis
430 928 569 989 mollibus
585 928 678 990 fortes
693 929 753 988 tori

180 1028 292 1092 tuaeque
306 1013 444 1080 Phoebes
460 1013 585 1074 uultus
599 1021 650 1074 aut
664 1011 779 1074 Phoebi
794 1014 852 1074 mei

180 1108 274 1161 tuusne
288 1101 395 1178 potius.
424 1098 491 1160 talis
506 1116 543 1159 eu
558 1097 626 1158 talis
639 1100 696 1159 luit

180 1203 237 1245 cum
251 1183 359 1264 placuit
374 1185 462 1245 hosti.
491 1187 535 1245 sic
551 1182 617 1244 tulit
632 1183 742 1244 celsum
759 1192 857 1261 caput.

155 1279 169 1326 n
214 1269 244 1329 ln
257 1278 285 1329 te
302 1271 395 1347 magis
409 1266 579 1346 refulget
593 1269 763 1346 incomptus
778 1268 868 1328 decor

179 1362 204 1414 et
216 1355 327 1432 genitor
341 1356 371 1413 in
387 1361 418 1414 te
433 1360 522 1414 totus
552 1361 582 1413 et
596 1360 701 1413 toruae
717 1360 815 1412 tamen

177 1455 238 1516 pars
251 1438 347 1517 aliqua
363 1439 466 1499 matris
482 1439 587 1499 miscet
602 1457 636 1498 ex
653 1455 748 1516 aequo
764 1437 867 1498 decus:

178 1524 265 1584 inore
279 1525 364 1602 graio
380 1524 529 1603 scythicus
544 1530 667 1601 apparet
682 1525 774 1600 rigor.

178 1609 199 1667 si
213 1626 272 1670 cum
289 1618 414 1686 parente
430 1609 573 1670 creticum
588 1610 730 1668 intrasses
746 1607 852 1668 fretum

177 1691 224 1752 tibi
236 1692 280 1753 tila
295 1694 395 1772 potius
409 1702 511 1754 nostra
527 1694 658 1754 uenisset
672 1710 768 1753 soror.

166 1777 172 1796 '
218 1777 253 1838 Te
269 1785 297 1838 te
312 1795 401 1838 soror
415 1795 602 1857 quacumque
616 1777 730 1838 siderea
747 1775 807 1856 poli

178 1863 204 1920 in
217 1870 295 1938 parte
311 1861 438 1940 lulges
453 1865 560 1923 inuoco
575 1863 611 1922 ad
628 1880 747 1922 causam
764 1879 878 1940 parem.

179 1946 273 2007 domus
288 1965 410 2008 sorores
425 1965 484 2008 una
501 1949 644 2026 corripuit
659 1946 741 2007 duas.

178 2038 203 2090 te
216 2033 327 2108 genitor
341 2040 372 2092 at
387 2051 435 2093 me
451 2042 566 2109 gnatus.
597 2050 635 2092 en
650 2030 774 2110 supplex
791 2032 867 2091 iacet

179 2114 286 2194 adlapsa
300 2115 427 2196 genibus
442 2118 541 2195 regiae
557 2115 657 2195 proles
672 2115 788 2178 domus.

178 2218 304 2278 respersa
319 2201 401 2262 nulla
417 2201 484 2262 labe
499 2211 529 2263 et
543 2204 651 2263 intacta
667 2203 820 2263 innocens.

157 2309 168 2342 e
214 2286 278 2346 'libi
293 2295 393 2347 mutor
408 2289 470 2348 uni.
502 2294 582 2348 certa
599 2286 740 2348 descendi
756 2286 791 2346 ad
808 2302 929 2362 preces:

177 2370 258 2431 finem
273 2372 320 2433 hic
335 2371 432 2433 dolori
447 2373 535 2433 iaciat
549 2379 599 2435 aut
614 2373 692 2437 uitae
708 2371 780 2431 dies.

178 2457 309 2518 miserere
323 2458 458 2518 amantis.

178 2552 262 2601 ΗΙΡΡ.
484 2559 592 2620 magne
606 2550 748 2619 regnator
763 2539 866 2610 deum,

179 2632 229 2685 tam
244 2625 341 2687 lentus
356 2627 439 2686 audis
453 2626 585 2688 scelera?
609 2633 668 2686 mm
684 2625 781 2687 lentus
796 2625 896 2685 uides?

160 2716 170 2764 f
213 2710 371 2789 Ecquando
387 2730 475 2772 saeua
492 2710 604 2772 fulmen
620 2711 737 2771 emittes
753 2728 841 2771 manu

178 2795 198 2852 si
210 2813 287 2856 nunc
302 2814 441 2857 serenum
458 2797 521 2857 esti
544 2797 641 2857 omnis
656 2794 791 2873 inpulsus
806 2802 872 2855 ruat

179 2989 371 3001 ————

237 3118 285 3167 660
302 3118 374 3167 flaui
392 3120 424 3167 ci.
443 3117 494 3169 Bo.
510 3114 523 3183 ΙΙ
539 3118 669 3183 tingebat
686 3117 770 3167 rubor
789 3117 811 3165 A
834 3115 982 3181 tinguebat
999 3112 1087 3179 pudor

181 3179 288 3249 1711662
306 3188 410 3236 tuaene
428 3186 471 3236 Αε
488 3190 620 3250 tuaeque
636 3184 688 3237 Bo.
705 3180 717 3251 ΙΙ
734 3185 784 3235 663
801 3188 920 3248 tuusque
938 3200 960 3235 ω
977 3187 1085 3233 tuusne

183 3248 259 3303 linet
270 3252 338 3303 Bac
353 3270 367 3303 e
379 3254 527 3305 coniectura
538 3256 590 3303 uiri
600 3254 671 3303 docti
687 3255 823 3317 adscripta
833 3268 914 3317 marg.
926 3254 968 3303 ed.
981 3251 1084 3304 Febris.

182 3315 247 3381 (quae
265 3328 303 3370 eat
319 3323 346 3370 in
363 3321 422 3371 titt
440 3323 508 3373 uino.
527 3320 694 3386 Hafnienaia)
706 3317 718 3387 ll
730 3321 780 3371 666
800 3325 852 3370 est
871 3320 922 3384 (net
940 3316 990 3384 en)
1009 3318 1087 3384 geni-

181 3389 218 3433 tor
236 3390 267 3438 ci.
284 3390 360 3439 NHa.
383 3386 396 3455 ss
419 3393 514 3440 toruus
531 3390 556 3438 A
585 3394 659 3439 totus
677 3389 743 3439 enm
766 3385 777 3456 ΙΙ
800 3390 850 3439 668
868 3392 949 3453 grato
968 3404 987 3438 α
1028 3387 1087 3437 raio

182 3452 223 3517 Εψ
240 3450 253 3521 ll
271 3458 320 3508 670
337 3458 493 3508 neuidiaaet
509 3457 536 3507 E
554 3452 567 3523 ΙΙ
587 3459 636 3507 671
656 3456 760 3507 siderei
777 3457 802 3507 A
825 3457 943 3522 syderea
960 3456 986 3505 E
1009 3401 1088 3520 liiiss

183 3518 241 3571 duaa
260 3540 329 3575 corr.
347 3541 384 3575 ea>
400 3526 476 3575 rinae
495 3521 541 3588 (7)
559 3524 586 3574 Ε
605 3522 617 3590 ΙΙ
638 3526 687 3575 677
706 3526 801 3575 mittor
819 3525 843 3573 A
862 3528 953 3575 mutor
971 3536 984 3574 ε
1000 3519 1005 3588 l
1032 3522 1089 3575 dis-

184 3589 253 3639 cendi
270 3589 322 3659 llll
339 3594 389 3643 679
406 3592 544 3642 ΡΗΟΕΙ).
565 3608 664 3657 magne
682 3590 728 3656 lm,
747 3594 784 3643 ad
798 3606 846 3657 mg.
864 3592 944 3645 YPP.
962 3587 974 3658 ΙΙ
991 3592 1040 3642 661
1061 3595 1089 3642 et

184 3658 280 3716 quando
297 3660 346 3724 Εψ
366 3660 511 3724 ecquando
525 3676 544 3710 α
555 3656 567 3726 ΙΙ
580 3661 690 3711 emittes
704 3661 728 3709 A
748 3661 850 3711 emittis
868 3659 894 3709 E
916 3654 928 3725 ss
