2750 4250
278 369 384 417 XXXII
657 366 857 416 PRAEFATIO

216 571 218 576 ,
280 545 346 587 eum
370 527 477 601 uolgari
499 528 660 584 recensione
687 527 850 601 plerumque
875 529 1077 588 consentiuntn
1106 527 1184 584 llolia
1206 544 1235 584 ea

281 614 384 689 quihus
396 613 503 670 Medeae
518 611 661 686 relliquiae
673 614 850 669 eontinentur
862 610 980 668 eontulit
991 611 1159 670 llitsohelins
1174 627 1235 669 eum

282 699 403 756 editione
420 697 577 755 marolliana
592 696 688 769 (Paris.
702 696 803 769 1664),
820 696 914 771 Oedipi
933 696 1086 771 fragmenta
1102 713 1166 754 oum
1181 695 1236 754 ool·

281 784 402 840 leetione
423 791 508 857 poett.
531 783 590 839 latt.
612 780 758 839 florentina
778 782 819 838 ed.
842 799 865 838 a.
884 782 966 839 1834
989 800 1042 857 qua
1063 798 1120 839 non
1136 782 1235 840 licebat

282 870 333 924 uti.
370 866 444 934 Quae
466 869 493 924 in
509 869 548 924 eis
564 866 639 924 loliis
661 875 753 924 extare
773 870 856 924 certis
877 867 969 924 uerhis
984 867 1151 925 llitsohelius
1174 884 1236 924 oon·

282 952 373 1010 firmat
399 953 426 1008 in
449 955 552 1009 nostrie
573 954 767 1009 conmentariis
789 951 974 1015 exhibuimus,
1008 968 1077 1026 quae
1098 969 1131 1009 ex
1155 954 1236 1009 tacito

283 1055 347 1095 eum
363 1038 405 1094 ed.
422 1039 527 1095 maroll.
544 1054 681 1096 consensu
696 1037 836 1111 adparent,
852 1036 921 1094 inira
937 1035 1149 1110 subiecimus*).
1173 1037 1237 1094 Cum

282 1123 311 1178 E
327 1122 393 1180 lolia
410 1140 494 1180 resur.
511 1124 688 1182 consentiunt
710 1123 753 1178 his
769 1122 858 1179 trihus
872 1122 981 1180 lledeae
1001 1123 1085 1180 luris:
1109 1121 1174 1181 219
1198 1139 1236 1178 ra·

282 1207 346 1264 hida
363 1207 399 1280 (Α
415 1207 518 1282 rapida)
550 1206 611 1265 266
635 1215 665 1263 tu
681 1214 711 1264 tu
726 1207 785 1280 (sed
802 1217 830 1264 tu
847 1206 882 1279 A)
914 1207 974 1266 268
996 1208 1084 1266 robur
1096 1209 1181 1265 uirile
1197 1214 1237 1264 est

282 1290 375 1364 (uirile
395 1292 480 1351 robur
502 1310 528 1348 n.
549 1293 568 1350 l.
585 1309 620 1348 m.
638 1300 681 1350 est
700 1292 746 1366 A).
790 1293 931 1366 Plerisque
952 1292 1020 1351 loris
1044 1294 1084 1350 eis
1106 1293 1238 1351 conuenit

282 1393 347 1434 cum
363 1377 524 1452 uolgaribus
540 1378 631 1435 libris:

433 1513 466 1570 Α.
491 1515 591 1572 Rescr.

324 1597 387 1656 213
404 1599 566 1659 dulcescunt
815 1598 966 1654 durescunt

324 1683 387 1743 218
403 1702 476 1743 nuno
816 1691 882 1739 tunc

324 1767 388 1824 214
404 1778 512 1826 exercet
815 1776 935 1824 exterret

326 1851 388 1910 218
404 1854 459 1910 uiri
816 1855 893 1926 proci

324 1936 388 1993 233
405 1938 503 1994 dueum
521 1946 539 1994 t.
556 1938 652 1996 ducem
816 1937 912 1994 ducem
928 1946 947 1993 t.
963 1937 1062 1995 ducum

325 2019 389 2078 240
404 2024 509 2097 primus
816 2023 933 2096 primum

325 2103 386 2162 241
404 2106 530 2183 llagranti
552 2109 577 2165 Α
613 2108 747 2182 fraglante
816 2107 964 2166 flammanti

405 2193 506 2251 Rescr.

325 2274 387 2331 242
406 2295 458 2352 qua
818 2293 887 2352 quae
902 2276 948 2350 (ψ)

325 2358 389 2415 244
406 2363 456 2419 tuti
817 2362 880 2418 titul

327 2444 388 2502 249
407 2456 479 2504 terra
494 2448 544 2506 har
818 2454 918 2504 terram

405 2540 433 2588 et
818 2550 849 2589 ao

273 2632 275 2637 ·
326 2613 388 2671 252
406 2612 545 2674 uiolenter
818 2615 959 2675 uiolentus

328 2697 388 2757 256
405 2702 506 2776 quippe
524 2710 551 2758 te
820 2717 901 2775 quem
916 2699 981 2773 (om.
997 2701 1111 2778 quippe)

326 2782 388 2844 267
405 2786 557 2843 audendum
818 2786 941 2843 audenda

327 2869 389 2927 704
406 2888 488 2927 manu
817 2887 912 2927 manus

326 2953 388 3010 712
405 2972 518 3027 sparsus
817 2971 926 3030 sparsas

327 3037 388 3093 713
405 3038 522 3095 Parthus
537 3037 607 3094 leuis
816 3040 910 3099 Parthi
926 3040 1001 3099 leues

327 3119 389 3177 714
406 3121 469 3193 quis
819 3128 866 3200 qui
882 3124 929 3200 (ψ)

290 3291 496 3301 -..-.--

284 3416 361 3463 nem,
391 3399 426 3449 ad
450 3414 530 3463 quem
553 3402 673 3459 fortasse
696 3410 843 3461 referenda
866 3415 930 3461 sunt
946 3409 1120 3461 Aldhelmi
1142 3413 1238 3469 uerba.

285 3468 397 3542 saeculi
411 3482 455 3517 v11
468 3466 601 3532 hominis,
620 3474 853 3540 Agamemnonem
867 3486 995 3530 sextum
1009 3479 1095 3529 fuisse
1108 3478 1239 3529 uolumen

283 3535 405 3585 dicentis
421 3532 465 3597 (de
480 3538 638 3598 septenario
653 3545 695 3598 ed.
708 3547 773 3599 Mai.
788 3565 814 3615 p.
828 3547 898 3614 588).
969 3546 995 3607 *l
1008 3546 1131 3595 Leniore
1144 3548 1238 3597 ortho-

281 3602 424 3721 ⁸giqpuppieu
442 3614 566 3653 necnon
585 3607 758 3667 differentius
774 3616 942 3687 typographi
960 3629 1049 3664 errore
1068 3618 1152 3664 notan
1171 3615 1238 3664 omi·

1287 143 1291 409 l
