2750 4250
288 315 351 379 110
567 328 600 375 u.
616 327 751 376 nunnut
768 325 926 374 snuscsn

286 468 406 529 obstare
420 485 477 528 nec
491 485 524 528 se
538 476 657 529 euertere
671 484 707 528 oc
722 475 804 530 retro
820 467 901 528 dare.

288 555 408 614 resiste:
425 554 513 613 tentis
528 553 559 612 in
574 551 658 613 molis
672 553 753 614 uinci
766 555 844 613 mori
860 560 913 614 cst.

257 656 275 707 b
310 641 313 644 ’
332 636 390 708 Qui
404 637 462 697 tnta
476 637 662 716 proculcauit
675 655 712 698 sc
726 639 805 698 uitae
819 636 898 698 bona

285 725 413 803 proiecit
426 729 515 799 atquc
530 721 655 783 abscidit
669 729 701 784 et
715 740 802 783 cesus
816 739 885 784 suos

287 809 422 868 oncrnuit
437 809 510 886 ipsc,
526 808 573 868 cui
588 806 645 868 deo
659 805 742 868 nuilo
758 815 804 868 cst
819 823 902 885 opus,

287 910 380 972 querc
395 891 444 952 ibe
459 899 591 953 mortem
603 893 712 970 cupiat,
729 900 779 953 sut
794 909 886 971 quare
901 890 1001 970 petat?

258 1010 273 1043 0
327 977 494 1056 Vtrumque
508 976 602 1037 timidi
618 985 670 1038 est
697 995 785 1038 nemo
801 976 980 1054 contempsit
994 976 1069 1036 mori

285 1063 337 1142 qui
353 1063 533 1141 concupiuit,
549 1063 634 1122 cuius
649 1061 729 1123 bsud
744 1060 820 1122 ultra
837 1058 914 1121 mals

286 1149 367 1207 exire
382 1153 507 1225 possunt
521 1146 551 1206 in
566 1145 634 1208 ioco
647 1155 713 1207 tuto
729 1156 775 1208 est
788 1148 870 1207 situs.

285 1234 352 1310 quis
366 1233 426 1292 ism
442 1231 583 1302 deorum,
599 1231 678 1294 uelle
693 1231 753 1302 inc,
777 1233 937 1311 quicquam
952 1235 1051 1308 potest

284 1314 370 1378 maiis
385 1316 442 1376 tuis
456 1315 591 1376 adiceret
613 1318 672 1377 ism
687 1335 744 1377 nec
759 1328 792 1376 tu
806 1323 892 1396 potcs

284 1403 341 1462 nisi
357 1401 422 1470 boc,
439 1409 472 1460 ut
486 1419 552 1462 csse
567 1408 597 1461 tc
611 1411 698 1480 putes
713 1400 834 1480 dignum
850 1417 934 1461 nece.

284 1504 344 1546 non
361 1504 392 1546 cs
406 1503 463 1545 nec
478 1485 536 1546 ulis
552 1495 656 1562 pectus
670 1485 728 1546 boc
743 1484 830 1563 culpa
845 1486 949 1563 attigit.

245 1583 273 1631 o‘
326 1571 363 1631 Et
378 1568 436 1630 boc
451 1571 544 1647 magis
559 1578 589 1630 te
604 1572 721 1648 genitor
735 1572 885 1631 insontem
899 1585 984 1636 uoco,

284 1654 364 1734 quod
378 1657 522 1715 innocens
537 1673 571 1716 es
585 1655 630 1715 dis
645 1672 765 1734 quoque
780 1655 891 1716 inuitis.
920 1652 990 1732 qnid
1006 1661 1052 1714 est

284 1740 364 1818 quod
379 1747 409 1800 te
425 1740 562 1809 onerario,
579 1739 659 1818 quod
675 1758 770 1801 nouos
785 1739 930 1800 suffixerit

284 1823 419 1906 stimulos
435 1822 549 1885 dolori?
571 1824 642 1902 quid
657 1832 686 1885 te
702 1826 731 1884 in
746 1825 881 1885 internas
896 1824 956 1900 egit

284 1907 389 1969 sedes?
410 1908 481 1986 quid
495 1927 531 1968 ex
545 1908 593 1968 bis
607 1908 709 1987 pellit?
732 1918 764 1970 ut
780 1927 882 1970 careus
898 1907 965 1970 diet
980 1941 1023 1952 -

285 2010 379 2053 canes.
397 2027 436 2036 —
452 1999 485 2052 ut
499 1991 564 2053 altis
579 1992 709 2054 nobilem
725 1994 819 2056 muris
834 1994 954 2054 donnum

283 2078 469 2156 patriamque
484 2075 598 2155 fugies?
612 2113 655 2125 -
669 2081 765 2159 petrin
781 2077 834 2139 tibi
850 2079 920 2140 uiuo
936 2077 1024 2157 perit.
1042 2110 1082 2120 -

253 2171 270 2221 d
327 2162 437 2222 Gnatos
452 2161 551 2239 iugis
566 2165 771 2242 inanemque?
785 2198 821 2209 -
840 2163 877 2225 ab
894 2163 1037 2243 adspectu
1048 2161 1173 2221 omniun

285 2245 404 2306 fortuna
420 2252 449 2305 te
464 2245 615 2308 submouit
630 2256 661 2309 et
675 2248 814 2327 quicquid
830 2255 929 2327 potest

282 2330 400 2390 auterre
416 2330 553 2409 cuiquem
569 2350 660 2401 mors,
675 2331 731 2393 tibi
747 2333 804 2393 boc
820 2334 880 2394 uita
896 2329 1026 2394 abstulit.

283 2414 368 2491 regni
384 2412 536 2482 tumultus,
553 2414 639 2476 turbo
654 2416 792 2478 fortunae
808 2418 890 2495 prior

283 2496 425 2558 abscessit
440 2517 456 2559 a
470 2507 500 2559 tc
515 2500 604 2560 iussa.
631 2519 719 2579 quem
737 2503 853 2581 genitor
868 2501 984 2579 fugis?

242 2586 270 2644 ‹t‘
325 2594 442 2643 OEDlP.
454 2584 501 2643 Me
513 2584 624 2663 fugio,
638 2586 902 2663 tugioconscium
913 2585 1060 2647 socierum
1071 2584 1194 2646 omnium

280 2671 386 2745 pectus
400 2685 580 2746 manumque
594 2669 672 2731 benc
687 2671 790 2750 fugio
806 2678 836 2732 et
850 2669 908 2731 boo
924 2670 1040 2733 caelum
1057 2679 1088 2733 et
1102 2669 1170 2730 deos

280 2758 311 2811 ct
326 2750 387 2811 dina
405 2751 507 2830 fugio
523 2752 637 2814 scelere
652 2773 728 2833 quae
743 2757 801 2817 ieci
814 2757 969 2818 innocens.

281 2853 336 2912 ego
352 2834 409 2895 boc
424 2834 519 2896 solum
534 2836 678 2915 frugifera
692 2859 752 2921 quo
768 2842 864 2920 surgit
880 2839 979 2911 Ceres,

280 2920 403 2997 premo?
426 2919 480 2980 bas
495 2936 551 2997 ogo
566 2938 654 2984 suras
668 2942 721 2987 ore
737 2926 877 3004 pestifero
892 2924 998 2986 traho?

349 3086 381 3132 79
398 3085 446 3133 boc
462 3090 595 3164 scuocnuit
611 3091 675 3143 RF.
704 3090 717 3162 ΙΙ
745 3096 846 3146 malum
866 3098 909 3145 cst
926 3094 952 3143 A
976 3092 1046 3143 mori
1064 3091 1146 3143 cstE
1172 3088 1183 3157 Η

282 3150 331 3228 itit
351 3149 486 3200 abscessit
499 3168 518 3200 α
536 3154 656 3209 abscidit
667 3162 718 3227 Ep
741 3160 753 3231 ss
777 3166 826 3215 195
844 3164 899 3227 ipsi
918 3177 970 3212 ceu
987 3160 1070 3211 uideo
1088 3160 1114 3209 A
1138 3160 1191 3225 ipse

281 3229 327 3263 cm
345 3214 396 3264 deo
414 3217 440 3265 E
462 3213 475 3281 ss
498 3220 546 3267 196
563 3221 624 3285 ipso
642 3228 668 3277 A
687 3231 737 3283 ille
755 3233 781 3283 E
801 3228 813 3299 [Ι
836 3230 952 3296 fugiat
969 3230 1089 3292 ciliips
1114 3222 1127 3294 ll
1149 3228 1191 3277 tst

281 3286 325 3330 est
341 3280 414 3360 uelle
433 3288 505 3331 cont.
523 3285 549 3334 A
574 3294 616 3339 cst
633 3308 713 3350 nemo
733 3305 806 3353 00nt,
824 3298 850 3349 E
869 3297 952 3362 (uelle
969 3313 1017 3349 om.
1030 3296 1056 3345 Ε
1068 3303 1087 3345 t.
1102 3293 1158 3359 Gr.)
1173 3290 1183 3360 ΙΙ

281 3348 335 3424 198.
353 3362 400 3409 qut
417 3364 472 3398 non
491 3357 665 3430 concupiscit
681 3375 706 3431 ψ
724 3365 778 3435 'qui
796 3366 971 3431 concupiscit
990 3380 1008 3414 u
1031 3362 1080 3427 qui
1099 3378 1191 3413 concu-

279 3417 350 3492 punt
367 3414 392 3462 Ε
414 3410 426 3479 ΙΙ
449 3417 499 3465 205
516 3422 615 3472 mmsis
632 3436 657 3492 ψ
675 3434 773 3490 inuitis
788 3450 827 3489 ςα
849 3431 860 3502 Η
883 3434 933 3485 206
951 3446 1057 3483 nonnos
1069 3430 1096 3479 E
1116 3427 1128 3497 ΙΙ
1148 3431 1191 3482 tbi

278 3484 307 3528 tc
325 3478 490 3544 internoscis
520 3486 547 3531 tt
566 3487 602 3536 ad
620 3492 672 3551 inf.
693 3520 712 3553 α
740 3511 769 3558 ιθ
786 3507 816 3556 in
834 3504 959 3554 infernas
977 3500 1002 3549 Ε
1030 3495 1042 3565 ΙΙ
1072 3500 1123 3549 213
1145 3499 1191 3550 hcc

278 3552 301 3607 ep
320 3545 371 3625 hoc
384 3560 418 3597 εα
440 3543 452 3613 ΙΙ
476 3549 526 3598 214
543 3549 657 3632 suntuna
669 3568 695 3617 Ε
713 3573 841 3625 fortunae
853 3572 878 3621 A
899 3567 911 3637 b
934 3571 983 3620 215
1001 3572 1065 3617 ante
1084 3566 1190 3619 iusteA

280 3615 344 3661 ante
362 3615 473 3666 mosali
496 3630 513 3665 s
531 3619 558 3666 tc
577 3636 655 3679 tussa
673 3637 699 3685 Ε
722 3640 734 3708 b
756 3645 807 3693 218
824 3653 927 3691 nocens
940 3638 965 3687 A
983 3636 1116 3685 innocens
1134 3636 1159 3686 Ε
1173 3632 1184 3701 ΙΙ
