2750 4250
440 335 622 383 nuncvuus
646 322 812 404 [nunnus]

146 495 160 544 u
213 477 278 538 Non
295 475 377 538 illic
393 477 542 552 geminum
559 475 744 556 Tyndaridae
760 494 855 554 genus

173 573 349 624 succurrunt
364 561 474 622 timidis
490 561 585 620 sidera
602 559 738 622 nauibus.

173 655 225 708 stat
238 649 326 725 nigro
342 646 465 726 pelagus
481 647 597 723 gurgite
613 645 785 724 languidum

174 739 198 792 et
213 750 280 792 cum
296 749 378 793 mors
393 730 487 792 auidis
503 729 607 809 pallida
624 731 763 792 dentibus

174 825 273 895 gentes
288 818 459 878 innumeras
475 815 610 876 manibus
625 816 731 886 intulit,

175 921 228 962 uno
244 909 288 962 tot
302 901 406 982 populi
421 901 533 979 remige
550 905 714 964 transeunt.

143 1079 164 1136 u'
212 1071 277 1132 llic
294 1073 342 1150 qui
357 1091 410 1133 rex
426 1070 543 1150 populis
558 1070 695 1150 pluribus
711 1071 846 1150 imperat,

175 1156 248 1217 ballo
264 1176 331 1218 cum
348 1166 466 1234 peteres
481 1164 648 1216 nestoream
666 1155 767 1235 Pylon,

177 1249 268 1303 tecum
286 1243 437 1302 conseruit
452 1239 609 1320 pestiferas
624 1259 731 1300 manus

175 1327 261 1387 telum
278 1328 442 1403 tergemina
459 1326 582 1405 cuspide
598 1326 782 1403 praeterens.

177 1412 272 1489 ellugit
287 1413 370 1472 tenni
385 1410 511 1471 uulnere
527 1412 645 1470 saucius

178 1503 203 1556 el
217 1497 318 1556 mortis
334 1496 471 1556 dominus
487 1496 638 1575 pertimuit
653 1496 741 1555 muri.

150 1697 163 1730 e
216 1667 317 1727 Fatum
333 1684 440 1744 rumpe
455 1681 560 1724 manu:
585 1665 719 1726 tristibus
732 1665 836 1726 inieris

178 1758 345 1830 prospectus
360 1758 458 1829 pateat
473 1749 547 1810 lucis
563 1758 591 1811 et
608 1751 705 1811 inuius

178 1834 257 1896 limes
273 1836 323 1897 det
338 1834 438 1896 faciles
454 1835 495 1895 ad
511 1853 671 1914 superus
686 1837 760 1897 uias.

179 1922 289 1982 inmites
303 1921 401 2000 potuit
415 1919 537 1981 flectere
553 1918 687 1980 cantibus

182 2005 388 2066 umbrarum
410 2005 580 2066 dominos
601 2011 631 2065 et
647 2023 737 2083 prece
752 2005 878 2084 supplici

182 2089 319 2170 Orpheus,
336 2091 503 2172 Eurydicen
522 2090 592 2153 dum
609 2092 716 2169 repetit
730 2108 823 2153 suam.

160 2273 172 2321 t
224 2258 316 2329 Quae
332 2260 422 2321 siluas
439 2268 466 2320 et
482 2278 552 2320 aues
567 2278 704 2339 saxaque
712 2268 843 2322 traxerat

185 2362 239 2413 ars,
255 2364 345 2425 quae
359 2344 539 2423 praebuerat
553 2344 726 2407 fluminibus
740 2362 849 2413 moras,

186 2430 214 2489 ad
229 2432 328 2491 cuius
343 2430 472 2489 sonitum
489 2430 682 2490 constiterant
697 2432 789 2492 lerae.

185 2513 282 2575 mulcet
298 2533 357 2574 non
374 2514 467 2575 solitis
482 2515 606 2577 uocibus
622 2516 734 2576 interos
756 2560 762 2570 .

186 2605 210 2658 et
223 2600 314 2661 surdis
329 2607 450 2661 resonat
465 2600 573 2661 clarius
589 2602 618 2660 in
635 2598 717 2661 locis.

153 2772 173 2830 t'
216 2768 897 2849 DeilentEurydicenTaenariaenurus:

187 2852 319 2915 deflent
333 2863 362 2915 et
377 2853 506 2914 lacrimis
523 2854 656 2913 dilsrciles
673 2854 721 2915 dei

245 3093 385 3142 stu-563
403 3097 463 3155 port
479 3108 504 3139 u.
524 3093 573 3141 593
591 3094 716 3141 collocant
742 3086 755 3157 [l
783 3088 926 3141 aetheria
947 3092 994 3154 ch
1018 3090 1092 3142 bello

188 3158 220 3206 εΑ
252 3155 262 3225 ΙΙ
295 3164 426 3225 peterent
453 3160 500 3223 ch
530 3163 639 3223 pateret
658 3160 716 3209 ult
741 3161 848 3209 Vratisl.
879 3162 989 3224 peteres
1012 3160 1037 3207 A
1070 3155 1082 3220 ΙΙ

188 3226 229 3275 tut
251 3236 309 3291 post
331 3232 402 3293 terg.
424 3242 479 3276 scae
503 3229 564 3278 add.
586 3228 613 3277 V
638 3224 650 3293 Η
677 3230 729 3278 570
751 3242 875 3292 rumpere
894 3225 930 3275 ΕΙ
959 3222 972 3292 ΙΙ
1003 3227 1091 3275 tristi-

187 3290 232 3341 bus
248 3294 324 3345 EVA
352 3297 442 3345 tristis
462 3299 531 3359 eltp
561 3292 576 3361 ΙΙ
610 3296 658 3345 571
685 3302 714 3345 et
733 3294 848 3347 lueisV
875 3291 887 3360 {l
920 3296 970 3345 575
993 3294 1093 3359 recipit

189 3368 208 3422 ψ
225 3357 236 3426 ll
250 3364 294 3413 581
313 3364 337 3412 lt.
350 3380 374 3413 u.
386 3370 484 3427 postu.
497 3365 547 3415 584
560 3365 652 3426 legitur
665 3363 700 3425 A,
715 3364 762 3413 loc
775 3366 830 3412 loeo
843 3362 914 3411 Eam
923 3364 949 3412 V
950 3363 979 3424 lt,
993 3365 1091 3413 omnino

190 3426 251 3477 abest
267 3431 327 3480 Rto
356 3426 368 3497 ll
398 3430 493 3479 Surdis
510 3436 625 3480 resonat
644 3432 746 3481 elarius
764 3433 793 3479 in
811 3430 881 3480 locis
897 3428 902 3496 Ι
917 3430 1027 3479 Deflent
1046 3446 1092 3481 eu-

190 3495 290 3557 rydicen
306 3498 390 3548 vmidi
409 3499 507 3549 sedent
519 3499 591 3562 Moy.
614 3499 748 3548 threiciae
768 3516 789 3548 ω
812 3503 995 3547 tartareae
1013 3498 1091 3547 Wim.

191 3564 347 3616 taenariae
370 3568 466 3631 scripsi
494 3566 595 3617 deflent
613 3566 820 3616 Eumenides
844 3565 1019 3616 Threiciam
1042 3580 1091 3614 nu·

192 3643 244 3679 rum
260 3638 313 3687 coll.
332 3634 406 3685 Ouid.
426 3634 465 3685 M.
485 3634 519 3689 X.
541 3636 573 3683 45
590 3628 709 3683 B.Srltm¹.
731 3630 743 3700 ΙΙ
