2750 4250
255 339 311 387 1111
631 336 830 386 PRAEFATIO

254 529 290 539 -
315 514 385 572 quae
405 513 450 552 res
466 514 526 554 cum
549 499 663 553 maxime
679 513 775 553 eorum
793 497 917 571 opinioni
940 497 1096 570 refragatur
1116 501 1139 555 si
1162 500 1210 573 qui

251 585 435 639 recentiorum
460 581 593 638 librorum
622 581 728 655 copiam
756 582 937 639 ellorentiuo
967 583 1119 640 deriuatam
1147 600 1210 641 esse

252 675 350 741 putant
379 687 432 722 —:
465 684 520 723 non
547 665 636 723 solum
663 665 816 723 iabularum
845 683 935 741 neque
962 667 1028 724 ordo
1053 685 1144 742 neque
1166 669 1210 724 in-

240 752 416 825 'scriptiones
437 751 553 808 Etrusco
581 754 749 808 conueniunt
777 768 839 807 cum
866 751 967 808 ceteris
992 751 1086 815 libris,
1113 769 1211 808 uerum

253 838 336 893 etiam
358 838 509 910 scripturae
525 837 661 893 sexcentis
678 836 747 892 locis
764 844 840 892 tanto
865 850 949 909 opere
970 838 1042 892 iuter
1058 853 1087 892 se
1109 837 1211 894 discre-

253 919 374 996 pant*),
403 921 487 977 ulad
511 921 578 977 duas
600 913 725 978 diuersas
748 921 923 978 recensiones
945 938 1001 977 non
1023 921 1133 995 possint
1154 939 1210 979 uon

253 1005 363 1061 reierri.

314 1091 408 1163 Neque
425 1089 513 1164 magis
529 1090 658 1163 proiecto
675 1097 719 1145 est
735 1091 809 1163 quod
826 1090 859 1146 dc
875 1091 1021 1165 utriusque
1036 1091 1211 1148 recensionis

251 1182 390 1230 uetustate
421 1174 586 1230 dubitemus.
631 1175 822 1231 Tbuauearum
845 1175 1063 1232 membranarum
1091 1183 1211 1232 aetatem

252 1259 361 1315 saeculo
384 1258 419 1314 X⁰
449 1261 668 1332 conscriptarum
690 1269 804 1333 superat
825 1260 912 1316 multo
937 1262 960 1316 is
984 1261 1055 1316 unde
1077 1260 1211 1317 Etruscus

252 1346 434 1418 transcriptus
466 1352 509 1400 est
530 1343 600 1399 liber
623 1347 669 1417 qui
693 1344 847 1400 uncialibus
867 1345 957 1400 literis
986 1354 1110 1401 exaratus
1140 1353 1210 1402 erat.

253 1429 279 1484 A
301 1445 369 1485 uero
392 1428 563 1485 recensionis
583 1435 751 1485 uetustatem
775 1436 910 1485 testantur
924 1429 988 1486 lolia
1009 1428 1055 1485 illa
1076 1433 1211 1505 rescripta

253 1513 442 1576 ambrosiana.
460 1530 529 1587 quae
545 1519 608 1568 ante
623 1529 669 1570 vu
685 1512 731 1568 uel
746 1529 780 1571 vr
795 1514 933 1570 saeculum
951 1513 1053 1588 scripta
1069 1530 1130 1571 esse
1144 1533 1211 1589 pro·

254 1598 344 1656 babile
367 1605 417 1653 est.
452 1598 516 1654 llam
545 1597 662 1671 plautini
684 1589 791 1653 codicis¹
808 1599 945 1671 scriptura
972 1599 1088 1672 pristina
1108 1600 1212 1656 saeculi

255 1683 345 1757 quinti
362 1682 481 1738 iortasse
498 1683 602 1756 quarti,
619 1683 772 1755 posterior,
789 1700 843 1757 qua
858 1685 961 1743 ueteris
979 1686 1134 1740 testamenti
1151 1686 1212 1758 qui·

256 1768 316 1823 dam
329 1766 391 1822 libri
408 1769 509 1822 exarati
525 1773 597 1828 sunt.
615 1769 680 1822 noui
697 1775 739 1822 est
754 1767 878 1840 (llitschl.
891 1767 961 1842 prol.
974 1769 1007 1824 ad
1015 1769 1088 1824 Trin.
1099 1768 1211 1843 p.Vlll),

259 1850 330 1906 unde
347 1851 465 1906 Senecae
486 1850 553 1906 iolla
568 1867 624 1906 non
641 1859 706 1924 post
722 1860 848 1908 octauum
870 1852 1009 1909 saeculum
1025 1855 1127 1927 scripta
1149 1871 1211 1911 esse

165 1941 181 1964 ⁸
259 1943 347 2009 patet,
370 1935 479 1991 saeculo
495 1926 562 1991 uero
578 1934 665 1991 multo
687 1938 774 2010 priori
795 1937 918 1994 codicem
940 1938 972 1993 ad
989 1955 1070 2012 quem
1090 1940 1212 2012 pertiue-

254 2019 319 2076 bant
340 2028 371 2076 ut
394 2019 559 2087 tribuamus,
582 2021 658 2094 cogit
679 2024 816 2096 scriptura
839 2024 900 2078 eius
922 2025 1053 2079 continua
1072 2031 1100 2080 et
1120 2023 1212 2082 literis

252 2104 405 2185 uncialibus
430 2121 569 2179 expressa.
600 2106 712 2164 Accedit
726 2105 892 2165 Lactanti
914 2109 1101 2165 testimouium
1123 2111 1211 2184 quod·

254 2192 315 2245 dam
336 2192 468 2245 statianae
489 2188 623 2247 thebaidis
653 2193 828 2265 interpretis,
857 2210 937 2266 quem
958 2210 1014 2249 non
1037 2193 1123 2250 multo
1146 2205 1212 2267 post

255 2274 382 2331 Seruium
397 2274 484 2331 luisse
500 2275 581 2331 hodic
597 2283 707 2349 recepta
723 2285 765 2332 est
781 2278 884 2350 opinio.
916 2278 941 2333 ls
957 2278 1028 2333 euim
1045 2296 1105 2335 cum
1123 2280 1211 2353 Thye-

254 2363 304 2417 stis
320 2378 365 2416 uu.
384 2358 552 2417 342-352
575 2360 737 2418 allerens'u.
755 2360 815 2419 347
836 2363 938 2417 cumA
960 2370 1070 2419 tueatur
1092 2362 1211 2437 scriptu-

253 2462 312 2501 ram
330 2444 469 2507 ‚‚trabes“,
485 2461 541 2500 non
557 2444 670 2507 ,‚l‘ores“
687 2446 761 2520 quod
777 2447 803 2501 in
822 2448 849 2501 E
863 2446 973 2521 legitur,
991 2448 1098 2521 uolgari
1113 2465 1211 2504 recen·

258 2532 335 2585 sione
352 2546 381 2585 sc
398 2546 477 2585 usum
494 2545 554 2586 esse
570 2530 671 2603 prodit.
1197 2595 1200 2600 ,

319 2614 352 2669 Vt
375 2630 442 2670 uero
474 2614 617 2687 utriusque
642 2617 752 2688 generis
775 2615 851 2679 libri,
880 2633 1043 2691 quamquam
1064 2619 1091 2672 in
1116 2616 1210 2673 multis

255 2716 287 2755 ac
308 2700 477 2772 gravissimis
496 2698 582 2755 rebus
610 2700 683 2755 inter
703 2718 733 2756 sc
754 2698 897 2763 dilleruut,
927 2709 1016 2757 tamen
1040 2709 1081 2756 tot
1103 2708 1211 2758 tantos·

251 2778 310 2859 'que
326 2800 435 2840 errores
453 2800 610 2841 communes
625 2783 741 2850 liabent,
764 2792 794 2839 ut
808 2784 847 2840 ad
871 2803 971 2841 unum
993 2784 1210 2859 eundemque

258 2884 375 2925 omnes
397 2868 512 2925 redire
535 2869 760 2943 archetypum
781 2870 956 2925 manifestum
978 2869 1026 2926 sit:
1049 2870 1087 2925 ita
1108 2878 1136 2926 et
1157 2870 1211 2926 dil·

256 2952 382 3009 ierentiis
399 2961 426 3009 et
442 2951 581 3027 inquibus
597 2955 774 3009 consentiunt
789 2953 958 3029 corruptelis
973 2972 1071 3027 magna
1087 2962 1211 3029 exparte

259 3047 313 3093 tam
336 3037 484 3111 singularis
506 3045 549 3093 est
564 3038 688 3094 condicio
711 3045 739 3094 et
760 3049 870 3102 natura,
895 3047 924 3094 ut
946 3056 1035 3113 neque
1058 3039 1119 3095 illae
1141 3057 1211 3113 quo·

258 3120 340 3178 modo
356 3123 430 3179 nasci
446 3124 587 3195 potuerint
600 3123 720 3197 perspici
736 3139 824 3197 neque
839 3125 889 3180 hac
905 3124 1044 3179 emendari
1060 3124 1128 3180 satis
1143 3141 1210 3197 pro-

257 3205 386 3263 babiliter
412 3215 512 3280 queant
537 3208 590 3263 nisi
617 3224 653 3263 ex
681 3209 759 3281 ipso
787 3217 913 3281 poetae
940 3209 1130 3283 exemplari
1153 3227 1211 3267 uon

258 3290 400 3347 emendato
423 3289 470 3345 illo
493 3298 521 3346 et
541 3292 694 3367 perpolito,
721 3292 771 3363 sed
791 3293 858 3347 satis
880 3292 1056 3366 inconposito
1078 3294 1211 3351 festinan-

330 3503 357 3569 *J
380 3505 508 3571 exempla
531 3507 646 3569 quaeuis
658 3507 774 3571 ‚pagina
791 3508 964 3572 suppedital3
988 3509 1111 3559 sufficiet
1128 3512 1211 3573 quasi

261 3572 348 3637 digito
362 3576 530 3625 monstrasse
544 3573 620 3624 locos
634 3574 731 3638 quales
743 3578 808 3624 sunt
824 3576 853 3625 iu
864 3576 987 3626 Hercule
1000 3593 1027 3628 u.
1041 3579 1074 3629 36
1085 3592 1144 3642 sqq.
1158 3579 1210 3629 62⁷

260 3642 311 3692 675
325 3641 399 3715 illll.
424 3642 537 3693 uberius
549 3640 603 3693 bac
616 3642 649 3693 de
662 3658 692 3695 re
705 3642 779 3694 infra
793 3642 1002 3709 disputabimus.
