2750 4250
557 372 589 420 L.
605 371 740 422 Annam
754 369 915 418 SENECAE

414 511 509 572 Omne
524 511 580 573 suh
595 529 689 590 regno
705 511 845 588 grauiore
860 526 987 587 regnum
1004 514 1064 568 est:

364 615 452 678 quem
468 597 531 656 dics
546 597 621 658 uidit
635 597 761 657 ueniens
776 593 950 672 superbum,

364 682 444 743 hunc
459 681 522 742 dies
537 682 612 743 uidit
625 681 744 760 lugiens
759 682 915 742 iacentem.

408 834 517 895 Nemo
532 834 660 896 confidat
673 833 797 912 nimium
812 833 960 904 secundis,

364 938 452 980 nemo
467 919 607 999 desperet
620 917 744 980 meliora
759 917 858 982 lassis:

364 1006 469 1064 miscet
482 1004 557 1066 haec
572 1004 630 1066 illis
644 1002 842 1084 prohibetque
858 1001 963 1064 Clotho

364 1097 443 1151 stare
460 1089 620 1164 fortunam,
634 1097 716 1148 rotat
730 1105 818 1150 omne
834 1087 937 1148 latum.

410 1241 520 1302 Nemo
534 1249 594 1302 tam
610 1241 694 1301 diuos
709 1239 812 1301 habuit
827 1235 972 1308 fatientes,

365 1328 525 1388 crastinum
542 1333 574 1386 ut
589 1335 690 1402 posset
704 1324 762 1385 sibi
778 1324 927 1402 polliceri:

364 1430 414 1472 res
430 1411 503 1472 dens
518 1417 634 1470 nostras
650 1409 740 1472 celeri
756 1411 858 1470 citatas

363 1492 482 1557 turbine
497 1503 606 1560 uersat.

565 1661 728 1708 NVNTIVS.
758 1659 905 1708 CHORVS.

245 1800 262 1834 a
366 1766 437 1836 Quis
451 1785 500 1827 me
515 1784 569 1844 per
583 1785 671 1828 auras
686 1765 775 1827 turbo
791 1763 987 1846 praecipitem
1002 1767 1092 1830 uehct

278 1862 402 1933 atraque
418 1852 498 1913 nube
513 1851 640 1912 inuoluit
654 1858 687 1912 ut
700 1859 813 1912 tantum
829 1850 914 1912 nolas

279 1940 384 2017 eripiat
399 1936 508 1997 oculis?
535 1956 552 1997 o
569 1936 675 1996 domus
691 1935 793 2014 Pelopi
808 1955 928 2016 quoque

279 2030 308 2084 et
323 2020 445 2082 Tantalo
459 2021 606 2101 pudenda.

279 2120 382 2169 cnon.
641 2107 711 2187 quid
728 2114 828 2186 portas
844 2106 932 2168 noni?

243 2209 261 2258 b
315 2206 420 2252 nvnr.
444 2193 594 2263 Quaenam
611 2193 664 2253 ista
680 2195 763 2271 regio
780 2191 841 2253 est?
856 2196 952 2272 Argos
967 2199 997 2253 et.
1010 2192 1115 2273 Sparte
1130 2193 1195 2271 pios

277 2279 380 2340 sortita
397 2277 504 2337 iratres
520 2284 550 2337 et
565 2278 656 2338 maris
670 2278 782 2356 gemini
799 2295 937 2355 premens

278 2365 379 2423 fauces
395 2362 561 2431 Corinthos,
577 2378 615 2424 an
632 2361 703 2423 teris
719 2362 816 2423 Hister
832 2362 931 2441 lugam

278 2446 424 2527 praehens
439 2446 547 2519 Alanis,
564 2466 600 2506 an
617 2446 671 2507 snb
688 2456 807 2509 aeterna
825 2448 893 2507 nine

278 2533 414 2612 Hyrcana
431 2531 531 2599 tellus,
548 2550 586 2592 an
602 2536 669 2611 uagi
685 2533 794 2612 passim
812 2530 957 2611 Scythae?

278 2630 382 2677 cnon.
405 2618 471 2696 quis
486 2617 534 2677 hic
548 2616 668 2679 nefandi
684 2628 730 2679 est
743 2620 881 2679 conscius
895 2619 1023 2679 monstri
1038 2615 1142 2679 locust

279 2701 399 2762 ellare
415 2709 444 2761 ct
458 2702 536 2761 istud
553 2702 649 2779 pande
666 2702 873 2781 quodcumque
890 2709 934 2763 est
951 2702 1072 2763 malum.

238 2792 266 2851 b'
321 2799 427 2846 nvnr.
449 2785 480 2846 Si
495 2789 610 2847 steterit
624 2790 747 2858 animus
764 2788 789 2846 si
804 2795 884 2847 metu
901 2805 1011 2867 corpus
1026 2790 1130 2867 rigens

278 2872 408 2932 remittet
424 2878 513 2932 artus.
542 2872 646 2933 haeret
660 2875 689 2932 in
707 2872 790 2934 uultu
805 2874 897 2933 trucis

223 2952 229 2966 ’
278 2958 375 3032 imago
391 2955 467 3014 lacti.
498 2956 575 3017 lerte
590 2975 636 3017 mc
652 2960 773 3018 insanae
788 2955 893 3036 procul

278 3038 328 3097 illo
344 3037 492 3117 procellae
508 3037 597 3111 lcrtc,
620 3061 679 3121 quo
695 3044 790 3105 fertur
806 3042 867 3103 dies

278 3122 474 3198 hinc-raptus.

278 3216 382 3264 cnon.
511 3212 623 3273 animos
638 3217 759 3295 granius
773 3215 903 3275 incertos
918 3218 1010 3278 tenes.

346 3372 395 3420 616
414 3370 508 3448 lapsus
520 3384 562 3430 uel
573 3382 660 3451 lapsis
672 3389 698 3437 Α
716 3386 799 3437 lassis
812 3376 906 3435 attin
915 3380 1018 3445 (laesis
1031 3388 1049 3431 t.
1064 3378 1158 3445 (irco.)
1172 3375 1184 3443 ll

278 3439 328 3487 620
346 3441 435 3500 possit
453 3440 477 3487 A
495 3456 591 3506 posset
609 3456 656 3518 Εψ
678 3452 691 3517 ΙΙ
714 3452 872 3505 NVNTIVS
893 3448 1036 3499 CHORVS
1055 3448 1081 3499 E
1105 3447 1191 3499 NVN·

278 3504 359 3554 CIVS
372 3503 515 3559 CHORVS
529 3516 553 3563 Α
578 3515 591 3587 ll
612 3525 663 3575 624
679 3524 810 3586 uolnetm
828 3519 953 3571 inuolnet
966 3533 985 3567 α
1002 3517 1122 3569 inuoluit
1134 3513 1159 3563 Ε

278 3572 327 3620 ⁶²⁷
346 3571 445 3635 imPl⁰⁸
457 3574 483 3622 Α
501 3580 561 3640 pios
580 3588 606 3637 Ε
629 3589 641 3659 ΙΙ
663 3595 713 3645 632
734 3590 818 3641 CHO.
832 3590 857 3639 Α
870 3604 916 3638 om.
931 3586 956 3635 Ε
979 3582 991 3652 ΙΙ
1014 3586 1065 3636 633
1084 3508 1191 3635 CHOll,

279 3637 407 3689 effareE
436 3637 544 3699 CHOR.
564 3670 610 3712 om·
628 3661 655 3710 E
682 3658 695 3727 Η
783 3694 788 3703 ,
