2750 4250
288 348 355 415 402
676 361 820 411 lNOER'H

290 505 442 567 ‘resistite’
458 506 568 583 inquit:
593 506 670 563 ‘non
686 503 771 564 luror
785 511 916 565 mentem
931 504 1061 576 abstulit,

289 590 392 651 lurore
407 591 529 669 grauius
542 588 620 650 istud
637 594 725 669 atque
740 590 784 650 ira
800 588 911 651 malum
926 598 979 651 est

289 676 319 737 in
337 694 385 737 me
398 678 482 737 iuuat
496 678 637 735 saeuire?
667 675 720 735 uix
735 680 849 753 pestem
864 675 975 735 iudicat

290 770 319 823 et
334 762 442 823 saeuit:
466 765 549 820 artus
564 761 628 838 lpse
643 758 786 821 dilacerat
800 776 872 820 suos

290 853 320 908 et
334 844 469 907 membra
485 852 568 905 uasta
583 845 679 922 carpit
693 843 828 905 auellens
842 862 949 905 manu:

289 948 400 993 eruere
416 931 542 991 amictus
556 930 682 1008 quaerit.
714 929 773 989 boc
787 928 884 990 solum
899 930 1058 992 Herculem

289 1034 351 1078 non
366 1033 454 1095 posse
469 1014 548 1085 uidi,
566 1014 685 1075 trabere
701 1022 826 1075 conatus
839 1020 940 1075 tamen

289 1108 320 1163 et
334 1099 468 1163 membra
483 1100 586 1160 traxit:
610 1101 747 1179 corporis
761 1098 838 1178 palla
853 1099 969 1160 horridi

288 1204 358 1265 pars
373 1194 418 1247 est
433 1192 463 1245 et
477 1185 572 1264 ipsam
585 1185 719 1247 uestibus
734 1186 839 1246 miscet
853 1191 961 1245 cutem.
1195 1196 1227 1245 aaa
1244 1211 1248 1239 ι

288 1289 345 1332 nec
360 1288 448 1333 causa
464 1270 547 1331 dirae
562 1266 653 1339 cladis
667 1270 700 1329 in
717 1268 815 1330 medio
830 1277 927 1349 patet,

289 1355 342 1419 sed
358 1373 446 1417 eausa
462 1362 560 1416 nmen
576 1362 630 1415 est.
661 1356 773 1433 uirque
788 1355 940 1416 sulliciens
953 1354 1035 1415 malo

288 1459 368 1503 nune
383 1458 436 1503 ore
452 1447 564 1501 terram
578 1438 738 1517 languidus
753 1457 849 1517 prono
863 1441 990 1518 premit,

288 1544 368 1587 nune
384 1526 481 1605 poscit
496 1524 605 1593 undas,
621 1526 703 1586 unda
716 1542 776 1585 uon
791 1526 884 1585 uincit
898 1524 1018 1586 malum.
1246 1583 1247 1586 ,

287 1612 444 1672 lluctisooa
460 1610 576 1687 quaerit
589 1608 676 1671 litora
693 1618 723 1670 et
737 1616 860 1688 pontum
876 1616 1017 1690 occupat:
1088 1610 1247 1669 mcxxxxrn'

287 1694 442 1757 famularis
457 1694 539 1756 illum
553 1695 663 1757 retinet
678 1701 828 1756 errantem
845 1712 961 1757 manus.
1200 1706 1233 1753 aa

287 1788 418 1841 DEIAN.
436 1799 453 1841 o
469 1787 580 1841 sortem
596 1779 745 1841 acerbam.
776 1782 887 1842 luimus
900 1780 1020 1841 Alcidae
1035 1800 1129 1860 pares.

288 1873 382 1927 ΗΠ.
398 1883 478 1926 nunc
493 1865 601 1947 puppis
616 1865 698 1927 illum
714 1864 801 1925 litore
817 1864 941 1926 euboico
955 1866 1052 1927 refert

287 1957 447 2029 austerque
462 1950 536 2012 leuis
551 1950 667 2029 pondus
682 1949 858 2012 herculeum
871 1952 959 2030 rapit.

286 2048 408 2096 nmen.
426 2036 556 2096 destituit
571 2037 687 2096 animus
702 2034 847 2105 membra,
863 2052 922 2095 nox
938 2035 1042 2097 oculos
1056 2038 1164 2117 premit.
1203 2045 1236 2095 tlt

287 2120 357 2201 quid
374 2122 471 2183 anime
487 2121 603 2182 cessas?
626 2120 695 2201 quid
712 2121 833 2200 stupes?
855 2121 966 2182 iactum
983 2130 1028 2184 est
1043 2122 1144 2185 scelus.
1245 2142 1247 2149 ⁴

286 2215 388 2268 natum
404 2207 534 2286 reposcit
548 2206 682 2285 luppiter
697 2205 771 2266 luno
787 2205 954 2277 aemulum,

285 2292 458 2354 reddendus
474 2291 539 2352 orbi
555 2299 609 2353 est.
639 2292 719 2372 quod
735 2299 821 2370 poles
835 2291 927 2352 redde
943 2292 1066 2363 exhibe,

285 2386 334 2438 eat
348 2394 403 2457 per
419 2383 502 2438 artus
518 2375 597 2438 ensis
613 2385 735 2438 exectus
750 2395 843 2438 meos.

286 2464 327 2524 sic
343 2464 384 2523 sic
399 2461 547 2540 agendum
564 2469 617 2523 est.
634 2497 676 2509 -
693 2470 753 2523 tam
768 2461 843 2522 leuis
857 2478 969 2539 poenas
985 2481 1091 2524 manus
1204 2470 1253 2541 titt

286 2551 374 2610 tantis
390 2547 537 2625 reposcit?
560 2547 652 2608 redde
668 2546 841 2608 fulminibus
856 2563 965 2624 precor
1131 2542 1134 2548 ’

287 2651 393 2694 nurum
410 2631 575 2692 seelestam.
606 2649 663 2692 neo
680 2632 740 2694 leui
756 2631 815 2692 telo
830 2649 937 2692 manus

286 2784 458 2851 (membrum)
478 2783 566 2835 multo
583 2786 699 2836 uulnere
719 2785 889 2835 ambesum
905 2786 1027 2849 undique
1047 2784 1132 2850 (aicA
1143 2787 1193 2835 ab·

284 2859 416 2921 ruptum
429 2852 466 2918 Ε)
478 2848 490 2920 Η
502 2855 552 2904 827
570 2853 707 2903 Desistite
725 2849 834 2918 1811828
852 2853 942 2903 ira’st
958 2853 1060 2903 malum
1079 2857 1172 2906 Delric
1185 2849 1195 2917 l

283 2927 333 2976 831
352 2923 448 2989 capita
465 2921 573 2972 uellens
591 2921 617 2969 Ε
635 2922 725 2986 carpit
737 2920 863 2971 anellans
875 2920 901 2969 A
913 2917 926 2988 ΙΙ
937 2923 988 2972 835
1004 2922 1107 2972 Parum
1124 2921 1193 2972 estli

282 2995 353 3044 Pars
364 2995 407 3043 est
416 2991 440 3040 A
454 2987 466 3056 ll
477 2991 567 3056 ipsam
577 2989 602 3038 Ε
606 2991 642 3054 p?
653 2991 718 3054 ipsa
728 2989 752 3039 A
765 2985 777 3056 ΙΙ
789 2989 876 3039 uestis
885 2989 1054 3040 immiscetur
1066 2991 1194 3040 uestibus

282 3063 382 3112 miscet
404 3061 500 3125 scripsi
521 3054 533 3125 fl
556 3059 607 3109 837
630 3058 679 3108 sed
704 3072 791 3107 eausa
812 3061 906 3108 tanto
931 3062 974 3109 est
995 3059 1105 3123 uisque
1127 3074 1148 3109 a.
1163 3073 1192 3106 m.

282 3132 359 3181 NHa.
387 3129 493 3193 uisque
512 3134 538 3178 et
557 3127 636 3178 Gran.
657 3128 688 3176 ci.
713 3122 725 3192 H
747 3127 798 3177 838
816 3126 916 3191 premit
933 3126 959 3176 Ε
985 3126 1051 3177 ferit
1068 3129 1095 3178 A
1118 3123 1131 3194 ΙΙ
1152 3127 1195 3178 alu

281 3197 446 3248 Fluctiaoua
465 3196 491 3244 E
502 3196 576 3246 AER
594 3196 632 3244 Et
649 3197 717 3244 nota
734 3195 758 3244 A
771 3190 845 3260 11842
861 3194 1016 3245 Deianirae
1034 3197 1107 3255 dedi,
1125 3192 1195 3260 Hylli

282 3272 322 3317 est
340 3282 361 3316 ω
377 3261 390 3331 Η
406 3265 457 3314 848
475 3265 541 3315 ierit
558 3263 584 3311 E
605 3263 700 3314 uehit
719 3262 797 3312 Gran.
821 3263 929 3313 ferens
947 3264 1023 3313 NHa.
1045 3264 1134 3314 refert
1149 3263 1171 3313 A

281 3335 332 3385 845
350 3332 425 3384 DEI.
445 3332 471 3381 Ε
488 3335 596 3398 Lipsius
615 3331 662 3394 (em
674 3328 745 3395 m)
764 3347 810 3382 om.
824 3332 848 3380 A
859 3325 935 3397 fleta
951 3331 1026 3384 DEI.
1045 3332 1070 3381 A
1090 3330 1173 3382 om.d

282 3404 389 3452 iactum
414 3403 457 3450 eet
475 3402 566 3451 scelus
584 3400 645 3450 Eli
662 3401 768 3463 Lipsius
785 3398 837 3462 (ero
854 3397 911 3466 M)
942 3403 986 3449 est
1002 3415 1049 3450 om.
1067 3400 1093 3449 A
1104 3396 1129 3466 ΑΙΙ
1149 3398 1195 3448 848

281 3473 373 3537 potest
391 3485 412 3519 ω
431 3472 514 3534 potes
534 3469 613 3520 Gaura
630 3463 641 3533 ll
658 3467 742 3517 redde
760 3467 786 3516 Ε
804 3466 883 3517 reddi
901 3467 925 3516 A
943 3463 957 3534 [l
975 3469 1026 3518 849
1044 3463 1195 3518 exactosB

282 3542 397 3590 exactus
416 3538 441 3587 A
455 3535 526 3602 l1851
545 3538 652 3586 Tantas
671 3536 710 3586 εΑ
730 3536 824 3585 Tanta
839 3536 864 3586 R
880 3535 988 3585 Tantis
1005 3537 1112 3600 Lipsius
1129 3536 1195 3584 'l'ua

279 3612 313 3658 te
332 3607 408 3658 NHc.
428 3609 492 3656 conl.
507 3603 569 3656 θεά.
588 3606 646 3652 957.
659 3600 671 3668 ll
683 3603 766 3654 redde
785 3603 846 3670 Εψ
864 3602 931 3654 tolle
949 3604 973 3652 A
992 3603 1082 3669 perde
1099 3603 1193 3668 Rapie-

280 3677 378 3740 lenpius
389 3671 401 3740 11
414 3687 512 3739 precor
529 3672 554 3720 Ε
573 3685 652 3720 socer
670 3672 695 3720 A
718 3667 731 3735 ΙΙ
