2750 4250
318 351 381 416 314
600 365 630 411 n.
647 364 782 413 innunt
797 364 958 413 sennenn

318 527 335 567 ο
353 505 522 585 nuptialem.
554 504 646 565 unde:
671 504 838 584 perfectum
855 505 1028 576 ursocius,

319 591 448 653 uindicta
465 590 605 651 nondum.
637 606 749 669 perege
764 590 834 650 durn
851 591 965 651 iaciunt
980 608 1086 651 manus.

284 684 302 733 h
362 674 438 748 Quid
454 693 533 736 nunc
548 676 675 736 moraris
690 677 807 736 enimet
830 674 900 753 quid
917 674 1051 737 dubites?
1072 686 1152 755 petes.

322 763 377 821 iem
394 760 500 822 cecidit
515 762 568 821 ire.
599 761 730 837 paenitet
748 760 816 820 tacti
832 759 934 839 pudet.

320 845 390 926 quid
407 847 513 907 misera
530 845 604 906 ieci?
628 846 736 905 misera
752 847 903 923 paeniteat
915 846 1000 915 iicet,

321 932 386 991 ieci.
405 965 443 975 —
461 929 596 1008 uoluptas
613 948 720 1008 inagna
735 950 783 991 nne
798 932 922 992 inuitam
940 930 1021 992 subit

321 1026 349 1075 et
364 1033 432 1075 ecce
449 1017 566 1075 erescit.
598 1014 682 1075 derat
697 1014 756 1075 hoc
771 1033 861 1076 unum
879 1015 971 1084 mint,
1206 1021 1213 1067 1

319 1106 467 1177 spectator
482 1102 563 1161 iste.
595 1099 668 1159 nihii
683 1100 780 1162 adhuc
796 1100 865 1160 iacti
878 1118 965 1169 reor,

319 1185 457 1264 quicquid
473 1186 538 1245 sine
554 1186 610 1244 istc
627 1184 755 1245 fecimus
769 1184 907 1253 sceleris,
925 1186 1012 1263 perit.

286 1268 313 1327 h'
367 1281 431 1329 tnS.
457 1269 499 1329 En
517 1272 595 1348 ipse
613 1271 683 1329 tecti
700 1277 784 1349 perte
801 1272 955 1347 praecipiti
971 1272 1099 1332 inrninet

317 1354 375 1415 huc
391 1356 487 1433 rapiat
501 1356 585 1432 ignes
601 1354 721 1433 aliquis,
738 1362 771 1415 nt
785 1354 911 1415 flammis
926 1356 1013 1415 cadet
1126 1356 1129 1363 '

318 1440 379 1498 suis
395 1446 524 1517 peruste.

318 1536 402 1583 unt).
558 1542 687 1601 congere
704 1534 869 1585 extremuni
887 1527 945 1585 tuis

319 1609 415 1687 gnatis
432 1607 516 1668 Iason
533 1607 621 1669 sunus
637 1626 671 1669 ac
687 1607 833 1669 tumulum
849 1618 946 1671 strue:

318 1695 447 1755 coniunx
464 1711 608 1772 socerque
625 1695 702 1753 iusta
717 1695 775 1754 iarn
790 1695 901 1754 iunctis
917 1694 1028 1756 habent

318 1799 333 1839 a
350 1797 397 1840 nne
412 1778 529 1857 sepulti.
560 1786 666 1857 gnatus
682 1779 731 1838 hic
747 1780 838 1839 iatum
854 1779 935 1845 tutu.

319 1865 365 1924 hic
381 1871 409 1923 te
425 1863 544 1924 uidente
560 1863 677 1924 dabitur
694 1866 782 1924 exitio
799 1867 872 1941 peri.

283 1958 302 2006 k
361 1960 426 2009 1AS.
451 1948 508 2009 Per
524 1965 632 2008 nurnen
649 1967 738 2009 omne
755 1967 868 2027 perque
884 1968 1058 2012 communes
1074 1952 1153 2030 fugas
1214 1953 1221 1997 ¹

317 2042 458 2110 torosque
474 2050 548 2109 quos
565 2050 623 2092 non
640 2043 742 2094 nostre
759 2033 987 2104 uiolauitsnies,

317 2120 373 2179 iarn
389 2135 478 2198 perce
494 2126 573 2178 neto.
604 2119 722 2198 siquod
739 2127 784 2179 est
798 2120 926 2190 crimen,
944 2139 1043 2182 meurn
1060 2130 1121 2183 est:

318 2221 364 2263 nie
379 2203 455 2264 dedo
472 2205 573 2270 morti.
591 2206 711 2264 noxium
731 2214 825 2266 inacta
841 2213 940 2283 caput.

283 2286 310 2344 k'
362 2301 447 2363 unt).
472 2287 533 2348 Hac
550 2307 606 2368 qua
623 2307 742 2349 recuses
758 2308 815 2368 qua
832 2290 927 2360 doles,
947 2291 1059 2351 terrum
1077 2294 1191 2370 exigent.

318 2375 326 2432 i
342 2390 420 2433 nunc
437 2372 581 2451 superbe,
600 2375 750 2452 uirginum
765 2374 912 2435 tiraiarnos
928 2383 1003 2453 pete.

317 2457 450 2538 relinque
466 2466 585 2520 matres.

316 2555 380 2603 Ins.
615 2561 691 2604 unus
706 2552 752 2604 est
767 2562 881 2622 poenae
896 2547 975 2606 setis.

317 2641 401 2688 nnn.
425 2630 450 2687 si
466 2636 565 2706 posset
580 2647 637 2689 nna
654 2629 744 2689 caede
759 2630 860 2690 satiari
875 2632 949 2692 haec
965 2647 1089 2692 manus:

316 2712 569 2791 rfflmmwu

609 2800 644 2859 Vt
659 2799 734 2859 duos
748 2800 907 2878 perimam:
932 2807 1030 2860 temen

317 2885 439 2945 nimium
456 2891 499 2944 est
515 2882 610 2945 dolori
625 2900 771 2944 numerus
785 2892 929 2963 angustus
944 2904 1021 2945 mee.

316 2969 345 3028 in
361 2977 456 3031 matre
472 2968 590 3048 siquod
607 2969 714 3048 pignus
731 2970 900 3030 etiamnunc
916 2969 999 3039 latet,
1219 2961 1254 3016 119

317 3055 473 3116 scrutabor
489 3073 560 3116 ense
576 3057 692 3116 uiscera
710 3062 740 3116 et
754 3055 835 3116 ierrc
853 3054 1017 3116 extrahant.

316 3261 518 3268 ——---—

382 3397 433 3446 994
452 3400 495 3446 est
507 3395 598 3447 scelus
612 3395 635 3445 Α
656 3395 749 3445 scelus
762 3399 804 3445 est
816 3395 842 3444 E
853 3390 864 3460 Η
881 3395 931 3445 990
949 3392 1047 3462 potens
1060 3400 1087 3448 Ε
1105 3402 1217 3462 potense

314 3467 395 3531 potes
412 3471 436 3528 ψ
451 3460 464 3532 Η
480 3466 530 3515 999
547 3478 649 3528 magne
660 3478 705 3513 me
719 3466 747 3512 et
759 3462 876 3513 inuitam
889 3463 914 3511 Ε
933 3469 961 3513 et
978 3479 1026 3517 om.
1044 3467 1069 3516 A
1091 3480 1186 3531 magne
1195 3465 1217 3510 et

314 3533 430 3586 inuitam
448 3535 479 3586 ei.
500 3529 693 3596 Henneberper.
707 3527 719 3598 Η
733 3533 797 3582 1001
816 3531 876 3596 ipse
896 3531 921 3580 A
939 3532 994 3583 istc
1012 3532 1037 3581 lt
1053 3529 1067 3600 ΙῙ
1084 3529 1216 3584 factumn

314 3603 385 3654 facti
403 3602 428 3653 Ε
450 3598 462 3670 Η
487 3602 552 3652 1013
571 3598 639 3649 dede
659 3600 684 3648 Α
713 3599 783 3650 dedo
802 3600 827 3650 tt
849 3595 861 3666 Η
886 3601 952 3651 1017
975 3600 1074 3652 satiari
1092 3596 1216 3651 mantici!

315 3673 414 3724 satiari
433 3688 449 3721 n
467 3683 566 3719 manus
586 3667 609 3715 Ε
627 3682 696 3716 corr.
717 3668 795 3718 Gron.
819 3663 832 3732 ΙΙ
