2750 4250
236 298 299 362 222
519 314 549 361 n.
568 313 700 360 usuum
717 311 874 360 spurcas

237 472 316 513 nunc
331 451 423 514 redde
439 453 568 529 Agauen.
600 453 697 517 anime
713 451 782 529 quid
801 460 926 512 mortem
944 451 1047 512 times?

237 556 318 598 mors
333 539 521 599 innocentem
538 537 599 598 sola
616 539 753 598 fortunae
768 535 877 614 eripit'

205 648 220 681 c
280 622 453 683 Haeclatus
468 629 548 701 aptat
562 624 674 700 inpiam
691 620 796 700 capulo
814 637 950 691 manum,

237 725 398 785 ensemque
415 707 505 768 ducit.
536 707 649 767 ‘itanel
671 715 730 766 tam
747 706 861 782 magnis
876 703 984 766 breues

236 810 348 872 poenas
363 791 528 853 sceleribus
543 790 665 852 soluis
680 800 768 870 atque
784 807 844 850 uno
859 791 958 851 omnia

236 876 374 956 pensabis
390 877 468 937 ictu‘l
492 878 633 937 moreris:
656 876 713 936 boc
729 877 806 953 patri
821 885 866 938 sat
881 884 937 936 est.

237 963 307 1042 quid
323 962 429 1023 deinde
445 962 546 1031 matri,
564 962 632 1039 quid
649 960 726 1021 male
742 959 884 1022 inlunem
901 960 985 1021 editis

236 1049 347 1126 gnatis,
365 1046 437 1126 quid
451 1048 507 1123 ipsi
523 1064 598 1124 quae
614 1055 696 1106 tuum
712 1063 816 1124 magna
834 1044 888 1105 luit

236 1131 334 1193 scelus
350 1133 436 1192 ruina
453 1130 543 1191 llebili
559 1132 672 1208 patriae
687 1131 790 1190 dabis?

203 1219 226 1276 ε’
280 1215 471 1277 Soluendo
486 1233 545 1276 non
562 1234 601 1276 es.
632 1213 681 1276 illa
698 1233 772 1294 quae
789 1213 870 1291 leges
885 1221 964 1275 ratas

235 1309 341 1361 natura
357 1302 385 1360 iu
402 1319 461 1362 uno
477 1301 567 1360 uertit
583 1299 733 1378 Oedipoda
750 1317 845 1360 nouos

236 1393 392 1447 conmenta
409 1394 524 1463 partus,
542 1384 683 1465 supplicis
700 1384 802 1446 eadem
819 1383 892 1444 meis

235 1478 372 1531 nouetur.
404 1472 511 1531 iterum
529 1471 631 1532 uiuere
647 1477 734 1549 atque
750 1471 857 1529 iterum
873 1470 949 1528 mori

235 1555 323 1616 liceat
340 1557 454 1615 renasci
471 1572 605 1631 semper,
623 1563 655 1615 ut
669 1556 780 1614 totiens
795 1571 870 1614 rioua

236 1639 380 1717 supplicia
396 1639 517 1718 pendas.
548 1646 632 1700 utere
647 1639 766 1715 ingenio
783 1640 880 1699 miser.

236 1724 314 1804 quod
331 1742 419 1803 saepe
435 1723 499 1783 deri
509 1720 573 1783 ¹non
589 1729 688 1802 potest
702 1724 752 1783 fiat
767 1723 826 1784 diu.

202 1819 220 1869 d
280 1808 359 1867 Mors
375 1807 499 1886 eligatur
514 1807 611 1886 longa.
642 1817 798 1887 quaeratur
816 1810 864 1868 uia
1172 1819 1228 1870 970

236 1912 292 1971 qua
308 1912 364 1954 neo
379 1890 502 1971 sepultis
517 1893 624 1953 mixtus
639 1901 669 1953 et
684 1895 760 1953 uiuis
776 1901 873 1954 tamen

236 1986 390 2056 exemptus
406 1995 499 2038 erres.
531 1996 650 2039 morere
665 1979 716 2038 sed
734 1979 805 2038 citra
822 1987 946 2055 patrem.

236 2063 383 2122 cunctaris
399 2063 514 2122 anime?
538 2061 651 2124 subitus
667 2081 702 2122 en
721 2061 820 2124 uultus
835 2069 938 2141 grauat
1154 2084 1178 2125 r.
1195 2086 1220 2127 er

234 2148 375 2227 profusus
390 2147 506 2208 imber
521 2167 555 2208 ao
571 2150 671 2227 rigat
685 2148 755 2209 fletu
772 2166 871 2227 gerres.

236 2240 267 2293 et
281 2232 353 2293 llere
369 2234 439 2292 satis
455 2232 516 2292 est?
538 2232 681 2293 hactenus
697 2233 822 2294 sunderat
837 2232 932 2293 leuem
1172 2245 1227 2295 975

235 2316 314 2378 oculi
330 2316 490 2397 liquorem:
513 2316 634 2377 sedibus
650 2317 725 2395 pulsi
741 2319 801 2378 suis

234 2401 370 2464 lacrimas
386 2410 557 2480 sequantur.
587 2403 617 2462 hi
633 2402 782 2463 maritales
798 2404 894 2463 statim

235 2488 387 2547 fodiantur
403 2486 504 2547 oculi'
535 2488 608 2547 dixit
624 2496 711 2567 atque
727 2490 770 2548 ira
788 2488 867 2547 lurit.

199 2583 217 2633 b
279 2572 392 2632 Ardent
406 2574 537 2633 minaces
553 2573 620 2651 igue
637 2571 803 2633 truculento
819 2590 912 2649 genae

208 2671 211 2676 '
234 2655 386 2736 [motique
400 2660 456 2718 uix
470 2675 503 2718 se
516 2660 636 2719 sedibus
649 2656 884 2737 remoraturis]

160 2772 184 2782 ν
232 2740 381 2802 uiolentus
397 2741 492 2809 audax
508 2742 608 2803 uultus
624 2744 717 2803 iratus
733 2741 815 2802 ierox

233 2834 347 2887 tantum
365 2828 503 2887 eruentis.
536 2828 647 2904 gemuit
661 2836 691 2886 et
706 2828 803 2887 dirum
820 2826 950 2887 lremens

233 2930 339 2973 manus
355 2913 383 2972 in
401 2930 452 2971 ora
469 2913 562 2971 torsit.
594 2920 623 2971 at
637 2920 740 2972 contra
758 2920 856 2972 truces

206 3040 209 3043 -
234 2996 310 3057 oculi
327 3005 474 3057 steterunt
490 3005 520 3057 et
534 3014 616 3056 suam
634 2998 738 3057 intenti
755 3014 874 3057 manum

234 3080 311 3141 ultro
327 3082 500 3141 insecuntur
517 3081 632 3141 uulneri
648 3089 811 3146 occurrunt
826 3100 889 3141 sno.
1165 3091 1221 3141 985

233 3206 436 3217 .—.--—.

301 3268 351 3316 955
363 3268 471 3331 eripiet
487 3266 513 3314 E
523 3263 536 3331 Η
554 3269 601 3317 961
623 3268 684 3331 ipsa
703 3266 727 3315 E
739 3263 751 3331 Η
766 3267 815 3316 962
834 3265 936 3316 flebilis
953 3273 977 3329 ψ
993 3261 1005 3331 Η
1022 3266 1071 3315 963
1090 3263 1150 3315 Sol·

233 3334 324 3383 uendo
338 3348 393 3383 non
406 3340 449 3384 ert
460 3334 511 3383 illa
522 3352 544 3384 ω
562 3334 704 3384 Soluendo
717 3350 770 3383 uon
784 3348 826 3385 es.
846 3332 900 3383 Illo
914 3334 986 3383 Grot.
1010 3332 1151 3383 Soluenda

232 3416 287 3451 uon
301 3406 344 3451 est
356 3402 441 3452 uita.
461 3402 506 3450 Gli
517 3398 529 3468 ΗΗ
541 3405 591 3453 964
604 3401 748 3465 Oedipoda
762 3401 787 3449 E
803 3403 878 3451 Voss.
890 3409 912 3464 ψ
933 3399 1074 3465 Oedipode
1089 3402 1113 3449 Α
1136 3400 1149 3464 Η

233 3472 281 3520 971
302 3470 360 3531 Quo
380 3469 404 3517 E
420 3465 433 3534 Η
456 3471 505 3519 972
524 3475 630 3534 partem
648 3469 674 3517 E
690 3464 701 3533 Η
719 3472 768 3519 973
788 3484 821 3519 en
839 3469 864 3517 E
883 3484 919 3518 au
940 3468 962 3518 Α
982 3464 993 3533 Η
1016 3469 1066 3518 974
1085 3468 1150 3517 Pro-

232 3538 310 3587 fusus
323 3537 348 3585 E
354 3544 376 3598 ψ
395 3537 528 3586 Perfusus
542 3538 565 3586 A
578 3535 589 3602 Η
601 3539 650 3588 989
670 3539 754 3587 deleri
764 3532 775 3603 Η
788 3538 835 3587 981
850 3536 944 3586 nultus
957 3536 1006 3601 Eo
1021 3541 1115 3586 mutus
1130 3553 1148 3586 u

225 3604 338 3655 vmultus
357 3606 429 3655 llelr.
441 3601 453 3669 Η
470 3606 519 3654 982
539 3606 660 3654 eruentis
678 3604 728 3668 Εψ
747 3610 874 3655 cruentus
892 3606 917 3653 Α
942 3601 953 3669 Η
