2750 4250
264 370 367 420 XLIlll
634 367 833 417 PRAEFATIO

158 503 162 509 Ι
265 531 297 586 ad
318 529 401 586 Theb.
424 528 501 592 402,
521 527 742 602 Zinzerlingi
769 526 1009 601 Thuringieus
1030 526 1224 599 (Gothanus‘l)

264 615 299 670 ei.
316 614 392 670 llere.
410 613 481 671 814.

327 701 541 772 Argumenta
565 698 766 772 tragoediarum
788 713 849 754 oum
870 698 961 753 omnia
975 697 1146 754 recentioris
1164 697 1223 754 ori-

263 783 338 858 ginis
354 785 410 840 sint
426 801 487 840 eum
502 785 552 840 hae
573 783 693 840 editione
707 783 876 856 coniungere
891 782 1039 838 noluimus.
1070 780 1149 838 Sunt
1171 799 1224 838 an·

266 878 320 924 tem
336 870 458 942 quinque
473 884 568 924 eornm
584 884 699 942 genera:
724 867 752 922 1.
767 883 837 942 quae
851 867 956 924 ultimis
971 866 1125 923 Aldinae
1142 867 1224 924 foliis

265 954 389 1027 inpressa
410 962 474 1010 sunt
489 952 523 1010 ab
538 941 600 1027 ipso
616 952 646 1008 H.
664 954 813 1009 binantio
837 953 967 1009 uidentur
981 954 1140 1025 composita
1158 968 1224 1008 esse
1291 987 1293 1007 .

266 1037 293 1094 2.
318 1048 478 1111 argumenta
499 1038 627 1094 editionis
649 1037 860 1093 basiliensis
884 1037 1020 1110 descripta
1042 1045 1108 1093 sunt
1132 1053 1176 1094 ex
1190 1037 1222 1092 N.
1291 1068 1293 1071 ·

265 1123 435 1179 'lrauetbi
455 1124 646 1180 conmentariis
670 1120 806 1194 (continet
826 1138 875 1178 eos
897 1121 982 1178 ooder
1000 1121 1086 1178 llehd.
1101 1140 1135 1178 n.
1155 1120 1221 1193 14).
1291 1136 1292 1143 ¹

266 1207 294 1264 3.
318 1209 464 1281 periochae
486 1209 596 1263 nomine
616 1207 754 1264 Lutatii
777 1207 950 1264 Grammatiei
972 1222 988 1261 e
1007 1224 1057 1263 ms.
1083 1208 1150 1265 eod.
1175 1207 1228 1263 de-.

265 1295 384 1366 scriptae
400 1293 545 1364 aGeorgio
560 1289 683 1348 Fabricio
699 1308 755 1348 non
769 1293 904 1349 Laetantii
917 1298 983 1347 sunt
995 1290 1147 1348 Thebaidis
1165 1300 1226 1349 stn-

267 1377 355 1434 tianae
376 1379 537 1452 interpretis
552 1376 599 1434 sed
614 1376 793 1433 Albertini
809 1376 963 1433 blussati.
990 1378 1224 1451 repperimusea

266 1463 294 1518 in
314 1461 393 1517 libris
419 1463 556 1535 gothonis.
581 1481 605 1518 v.
621 1460 741 1518 Scriueri
761 1470 825 1517 nota
847 1469 875 1524 et
890 1459 1116 1534 Wollenbergius
1142 1461 1185 1534 (Z.
1202 1461 1223 1516 i.

214 1585 217 1590 -
265 1549 295 1601 Α.
312 1545 504 1619 x1111(1860)
525 1565 550 1622 p.
570 1546 650 1618 717).
696 1545 726 1602 4.
754 1563 824 1619 qnae
844 1546 872 1601 in
895 1546 1015 1602 editione
1036 1546 1222 1604 Gronouiana
1291 1571 1293 1582 ·

267 1631 385 1706 singulis
401 1632 502 1689 tabulis
516 1630 685 1705 praecedunt
702 1629 831 1687 continuit
846 1629 1047 1688 barnabins.
1079 1630 1110 1688 5.
1131 1649 1222 1706 argu-

266 1725 357 1774 menta
378 1719 527 1774 metrica
543 1734 557 1771 a
574 1717 699 1772 bothio
721 1716 792 1772 edita
808 1723 873 1772 sunt
888 1715 1089 1790 Hieronymi
1104 1716 1221 1773 Balbi.

265 1801 380 1858 bothius
403 1818 434 1857 ea
456 1801 608 1874 desumpsit
630 1818 661 1858 ex
678 1801 797 1858 editione
813 1799 929 1857 Caroli
944 1800 1119 1856 l'ernandi
1144 1801 1178 1874 (i.
1195 1819 1221 1858 e.

268 1885 328 1941 cod.
349 1885 435 1942 Paris.
458 1885 539 1943 8035
566 1904 592 1942 u.
615 1903 699 1959 supra
720 1903 747 1958 p.
768 1901 912 1943 xxxvnn.
958 1883 1116 1958 Hieronymi
1136 1886 1221 1942 Balbi

266 1986 350 2043 opera
365 1971 473 2043 poetica
488 1970 551 2026 coll.
570 1971 593 2030 l..
610 1971 642 2026 de
657 1971 754 2026 lietzer
769 1968 880 2026 Vindob.
899 1969 978 2027 1791
996 1970 1006 2025 Ι
1022 1968 1103 2043 247).

327 2055 470 2134 Postremo
488 2055 626 2129 quomodo
644 2051 741 2110 h'arum
756 2055 958 2129 tragoediarum
970 2055 1134 2111 edendarum
1148 2073 1222 2132 ope·
1291 2127 1293 2136 Ι

266 2157 323 2196 ram
338 2141 477 2203 internos
492 2142 578 2197 simus
594 2142 689 2215 partiti
709 2148 740 2196 ut
755 2137 886 2197 breuibus
902 2140 1090 2204 ostendamus,
1114 2144 1221 2216 quinas

267 2231 383 2299 uterque
399 2216 502 2283 fabulas
525 2226 603 2299 quasi
619 2225 783 2299 peculiarem
798 2225 957 2282 recensendi
972 2226 1143 2299 prouinciam
1163 2228 1220 2284 sibi

238 2301 242 2310 ’
267 2310 351 2383 elegit
372 2307 439 2383 dte:
463 2310 498 2367 Hi
513 2309 534 2365 0
549 2310 590 2367 'ln
605 2312 626 2366 Α
643 2310 692 2365 H11
710 2340 745 2351 -
763 2310 820 2366 GR:
843 2310 937 2365 ton.
959 2310 1014 2366 Pir.
1029 2311 1072 2367 ΡΗ
1091 2310 1116 2365 ll
1133 2312 1219 2385 Oct),

266 2394 313 2451 sed
327 2396 366 2451 ita
381 2403 412 2452 ut
428 2404 455 2451 et
475 2396 503 2451 in
519 2394 677 2451 adhibendis
693 2394 800 2451 auxiliis
818 2395 921 2451 criticis
942 2402 969 2449 et
987 2396 1017 2449 ln
1032 2396 1128 2451 metris
1144 2414 1219 2453 eon·

265 2479 412 2536 stituendis
432 2496 482 2536 neo
502 2498 556 2536 non
576 2480 604 2536 in
631 2480 828 2554 orthographia
849 2487 876 2535 et
896 2480 977 2535 modo
998 2480 1219 2555 interpungendi

266 2564 336 2620 idem
353 2581 530 2639 sequeremur
545 2565 688 2622 eonsilium
704 2582 735 2621 eo
749 2565 892 2621 rationem.
922 2565 997 2621 Hane
1011 2565 1217 2637 praelationem

265 2658 293 2705 et
308 2650 410 2706 indices
427 2654 562 2707 commoni
578 2650 671 2707 labore
687 2652 892 2723 conposuimus

327 2768 490 2843 Scripsimus
506 2786 597 2826 mense
613 2768 710 2825 ilartio
725 2784 928 2826 unoconxvn.

632 3054 835 3061 ——-—--—-
