2750 4250
262 313 312 362 XL
639 309 838 358 PRAEFATIO

261 477 337 532 x111⁰
352 471 520 530 conceditur.
550 470 628 540 Quod
643 469 796 543 pleniorem
810 469 894 525 huius
909 467 982 533 libri,
999 465 1048 544 qui
1062 486 1120 526 non
1134 473 1221 543 parui

263 557 374 613 uidetur
401 571 461 612 esse
487 556 585 631 pretii,
616 556 741 612 notitiam
766 553 886 611 nancisci
908 553 988 611 nobis
1014 571 1070 610 non
1095 555 1223 628 contigit

263 640 343 698 ualde
359 640 491 698 dolemus.

326 760 421 816 Restat
442 767 474 815 ut
494 759 527 814 de
547 756 708 831 uolgaribus
729 757 807 814 lihris
828 757 861 813 ab
882 758 922 813 eis
938 756 1065 814 adhibitis
1081 759 1129 834 qui
1152 768 1223 815 ante

263 862 315 901 nos
330 845 379 901 has
396 842 551 918 tragoedias
566 843 710 900 ediderunt
723 842 845 899 breviter
859 859 1036 916 exponamus.

326 942 479 1004 alberti
499 941 595 1018 uybi
616 943 648 1016 (†
666 943 759 1016 1475)
780 951 904 1018 excerpta
926 962 996 1019 quae
1019 947 1046 1001 in
1068 945 1222 1018 Margarita

262 1033 371 1106 poetica
391 1031 521 1104 leguntur
542 1030 612 1085 unde
634 1029 733 1085 hausta
755 1031 811 1085 sint
831 1045 887 1085 uon
902 1037 1020 1086 constat.
1056 1029 1102 1086 Vsi
1119 1048 1222 1086 sumus

263 1114 446 1173 bibliothecae
460 1115 663 1188 Rehdigeranae
681 1114 828 1187 exemplari
844 1114 946 1171 formae
961 1116 1092 1178 maximae
1108 1133 1130 1171 s.
1148 1132 1173 1172 a.
1189 1125 1222 1170 et
1290 1124 1292 1223 p

264 1201 282 1257 Ι.
306 1197 450 1274 (t011.231
468 1216 524 1256 uon
539 1214 644 1255 numer.
661 1198 761 1272 quibus
776 1197 927 1272 praemissa
943 1207 985 1255 est
1002 1197 1093 1255 tabula
1108 1217 1159 1257 ΧΠ
1174 1201 1222 1256 l'o·
1290 1234 1292 1281 Ι

263 1285 300 1341 lia
321 1285 461 1358 conplexa.
498 1285 527 1340 lu
550 1299 581 1340 eo
598 1282 717 1340 Senecae
738 1291 865 1358 excerpta
887 1286 1064 1340 continentur
1086 1283 1220 1342 t01.201
1290 1340 1292 1351 ,

264 1369 317 1426 col.
336 1370 353 1425 1
371 1370 403 1425 ad
418 1368 466 1426 lol.
483 1368 545 1428 204
561 1368 612 1425 col.
630 1368 668 1440 1).
1290 1356 1292 1381 ¹

327 1477 568 1553 Palaootypa
601 1475 844 1537 ferrariense
880 1476 1124 1555 lugdunense
1152 1493 1225 1538 ue·
1290 1536 1292 1573 Ι

262 1567 354 1625 ueta
369 1561 582 1623 florentini
598 1563 699 1638 quibus
715 1581 730 1620 e
744 1563 821 1618 libris
836 1562 964 1620 duxerint
978 1580 1034 1620 non
1049 1566 1135 1637 magis
1150 1571 1222 1622 con·
1290 1604 1292 1609 -

264 1658 329 1708 stat.
380 1649 625 1706 Conmemorantur
650 1647 860 1705 bernardini
889 1665 925 1704 m.
950 1667 973 1706 s.
1004 1657 1032 1704 et
1056 1648 1224 1706 Danielis
1290 1654 1292 1657 '

264 1736 482 1792 vetustissimum
498 1733 636 1807 exemplar
650 1732 683 1790 ad
698 1734 816 1807 primum
832 1721 1076 1791 Herc.1chorum.
1290 1710 1292 1771 i

319 1844 445 1900 ·Codex
471 1843 653 1900 Parisinus
679 1842 778 1904 8o35
807 1843 944 1900 Pierrotio
971 1851 1157 1902 auctoreaut
1187 1861 1224 1900 ex
1290 1878 1292 1919 :

266 1927 320 1986 ed.
337 1925 375 1986 (l.
397 1925 597 1986 Feruendi
619 1937 743 1984 exaratus
769 1936 816 1984 aut
837 1944 941 1984 summa
967 1945 1033 1985 cura
1053 1930 1224 2002 conpositus

266 2014 299 2071 ad
321 2015 398 2070 cuius
420 2013 557 2088 exemplar
578 2013 661 2070 editio
677 2013 811 2069 uernaadi
826 2013 1055 2071 conformaretur.
1083 2012 1224 2070 Praemit·
1290 2022 1292 2029 '

267 2107 363 2156 tuntnr
377 2101 405 2156 in
424 2105 545 2173 utroque
560 2097 630 2155 libro
647 2105 807 2173 argumenta
823 2097 856 2153 ab
871 2098 1038 2174 Hieronymo
1053 2097 1135 2155 Balbo
1152 2115 1225 2155 con·

264 2184 336 2242 licta.
382 2184 480 2253 Quode
501 2183 659 2240 Feruaudus
685 2186 714 2240 in
735 2182 823 2257 elegia
851 2185 879 2239 in
901 2184 974 2240 ealce
997 2185 1124 2241 editionis
1151 2185 1225 2240 sub-

267 2270 354 2325 iecta:
377 2269 415 2325 Te
429 2268 504 2325 Balbi
520 2270 676 2325 meminisse
690 2269 769 2326 decet
785 2271 831 2342 qui
847 2269 969 2325 codice
985 2268 1093 2325 multo
1109 2267 1224 2325 Collato

268 2354 337 2411 haec
358 2354 455 2410 tribuit
477 2370 590 2411 munera
611 2362 684 2411 tanta
706 2353 756 2409 tibi
782 2352 829 2426 (cl.
851 2352 914 2410 bibl.
937 2352 1115 2427 lugdunensis
1136 2355 1222 2410 catal.

235 2464 237 2466 ·
267 2457 295 2496 u.
305 2438 387 2497 1716
403 2455 430 2496 n.
440 2437 501 2496 375
511 2432 580 2515 [99]
597 2439 656 2495 cod.
668 2438 780 2499 membr.
797 2454 858 2493 cnm
870 2437 1033 2511 quibusdam
1047 2437 1160 2494 scholiis
1174 2454 1224 2492 re·

268 2522 394 2580 centibus
411 2532 438 2579 et
454 2523 580 2579 uersibus
592 2523 665 2583 Hier.
676 2523 750 2580 balbi
766 2523 795 2579 in
806 2524 903 2597 primis
918 2530 946 2579 et
958 2513 1106 2596 postremis
1119 2522 1224 2595 soliis).

328 2630 589 2709 Hieronymus
608 2630 797 2693 Auantius
818 2641 911 2689 uetera
928 2631 1092 2708 exemplaria
1106 2648 1136 2687 se
1151 2646 1223 2688 cou-

269 2715 367 2774 tulisse
388 2718 480 2792 prodit
501 2727 529 2775 et
549 2720 576 2774 in
592 2718 678 2791 praei.
695 2718 736 2773 ed.
751 2715 812 2773 Ald.
828 2736 852 2774 a.
867 2734 981 2775 unxvu
1002 2726 1030 2774 et
1050 2720 1077 2773 in
1098 2718 1221 2791 epistola

268 2803 315 2860 illa
337 2802 369 2859 ad
383 2803 425 2859 lo.
441 2802 578 2861 llatheum
595 2802 736 2859 Gihertum
757 2819 838 2875 quam
855 2801 885 2858 L.
900 2802 1063 2859 Schwabius
1084 2819 1116 2857 ex
1136 2798 1170 2857 Α.
1186 2806 1223 2860 Α.

267 2888 424 2944 Renouardi
447 2888 517 2945 lihro
544 2886 673 2944 ‘annales
699 2887 733 2943 de
758 2884 946 2961 l’imprimcrie
972 2888 1018 2943 dos
1039 2886 1121 2943 Aldes
1140 2887 1223 2945 Paris

269 2972 370 3030 1834’
396 2990 423 3046 p.
439 2972 502 3031 496
529 2972 676 3045 descripsit
702 2974 728 3027 in
748 2971 887 3045 'Philologi
913 2971 1084 3029 uol.xx1111
1109 2990 1136 3045 p.
1152 2972 1217 3031 351

270 3057 343 3112 uude
358 3056 488 3112 docemur
503 3058 565 3115 illos
581 3054 668 3127 libros
685 3056 903 3113 Veronenses
918 3057 1013 3112 luisse.

329 3153 641 3217 HenrieuaPetri
656 3159 684 3215 in
700 3159 855 3217 adornanda
871 3158 915 3213 ed.
929 3158 1117 3215 Basiliensi
1133 3158 1218 3216 1529

265 3240 338 3298 libro
362 3258 397 3296 m.
415 3260 436 3297 s.
461 3259 526 3299 usus
548 3252 591 3300 est
606 3246 684 3301 onius
706 3244 812 3319 aliquot
826 3244 960 3328 lectiones
982 3242 1010 3299 iu
1033 3245 1156 3317 margine
1177 3243 1218 3299 le-

265 3332 378 3401 giratur.

330 3432 522 3512 Georgius
536 3434 746 3497 Fabricius
761 3438 962 3496 Chemnicensis
977 3436 1070 3509 (editio
1082 3440 1140 3494 eius
1152 3454 1217 3511 pro-

268 3520 319 3577 diit
335 3519 416 3579 1566
432 3523 566 3596 praelatio
582 3541 597 3579 e
612 3523 677 3579 ludo
694 3523 796 3581 illustri
809 3524 913 3580 bliseno
928 3522 998 3597 prid.
1011 3522 1065 3578 Cal.
1077 3522 1216 3596 Septemb.

266 3603 361 3696 1565)
378 3616 503 3663 ususest
525 3609 958 3683 codiceRegiomontano,
984 3616 1017 3663 ut
1031 3609 1091 3680 ipse
1106 3608 1173 3663 dicit
1188 3608 1217 3663 iu
