2750 4250
561 365 729 412 PHAEDRA

161 503 358 581 clarumque
374 503 448 564 caeli
464 504 547 564 sidus
563 513 592 564 et
606 506 702 565 noctis
718 503 809 564 decus

161 591 264 650 onius
280 588 396 650 relucet
411 589 541 650 mundus
556 587 668 650 alterna
684 590 767 658 uice,

161 674 291 734 Hecate
305 674 452 734 triformis
468 692 506 734 en
521 673 591 734 ades
606 675 719 754 coeptis
734 673 847 734 laneus.

163 761 340 818 animum
355 759 504 836 rigentem
519 760 612 820 tristis
627 757 776 838 Hippolyti
792 758 907 819 doma.

163 861 281 904 amare
296 843 391 904 diseat
406 851 527 904 mutuos
542 845 626 922 ignes
642 843 718 903 ierat

163 927 221 987 det
237 927 339 988 facilis
354 947 453 989 auree.
482 930 582 1007 mitiga
597 936 703 1006 peetus
719 928 826 1012 lerum.

131 1012 152 1069 b'
209 1013 254 1073 ln
264 1020 372 1073 uerte
386 1021 561 1082 mentem,
577 1021 682 1073 toruus
697 1029 821 1074 auersus
836 1013 918 1074 lerox
1051 1011 1205 1084 ‘auaovlu

162 1099 194 1156 iu
213 1099 287 1157 iura
303 1097 427 1158 Veneris
441 1098 554 1159 redeat.
566 1098 643 1158 *huo
659 1099 740 1158 uires
756 1105 820 1159 tuas
986 1111 1008 1152 r.
1025 1111 1103 1152 risun
1120 1109 1172 1159 425

162 1182 311 1244 intende.
343 1183 386 1243 sio
401 1190 431 1244 te
447 1182 538 1243 lucidi
553 1181 655 1244 uultus
670 1182 768 1243 lerant

163 1276 196 1327 et
214 1266 304 1328 nube
319 1275 406 1345 rupta
422 1267 565 1328 cornibus
578 1269 664 1347 puris
679 1287 745 1336 eas,

164 1353 212 1412 sio
228 1359 262 1412 te
281 1360 436 1428 regentem
451 1351 544 1412 irena·
552 1353 691 1412 nocturni
706 1352 833 1412 aetheris

165 1436 338 1497 detrahere
353 1455 518 1515 numquam
533 1436 654 1497 thessali
670 1444 774 1496 cantus
789 1445 898 1514 queant

165 1521 337 1600 nullusque
354 1522 391 1581 de
408 1530 439 1583 te
454 1519 576 1599 gloriam
592 1531 696 1600 pastor
712 1521 796 1582 serat.

138 1628 151 1661 a
214 1605 463 1676 Adeso'nuocata.
494 1608 553 1668 iam
568 1605 650 1667 lauet
665 1607 744 1668 uotis
761 1605 830 1666 dea:

166 1693 276 1768 ipsum
292 1692 393 1765 intuor
408 1690 544 1752 solemne
559 1699 754 1752 uenerantem
771 1709 888 1752 sacrum

166 1773 259 1836 nullo
276 1774 353 1836 latus
369 1777 539 1853 comitante.
571 1776 641 1854 quid
657 1775 794 1836 dubitas?
817 1776 897 1837 dedit

167 1869 297 1937 ternpus
311 1859 472 1938 locumque
487 1876 588 1921 ansus:
613 1860 755 1921 utendum
771 1861 894 1921 artibus.

135 1941 156 1999 o'
214 1944 434 2023 Trepidamus?
456 1944 536 2005 haud
552 1953 597 2006 est
616 1944 702 2006 laeile
717 1944 887 2006 mandatum
904 1945 1001 2007 scelus
1118 1955 1169 2007 434

169 2030 303 2098 andere,
328 2048 433 2092 uerum
450 2032 525 2091 iusta
541 2032 592 2108 qui
608 2048 696 2108 reges
711 2032 796 2091 timet

118 2146 122 2157 ·
170 2115 321 2192 deponat,
344 2134 435 2176 omne
449 2113 541 2194 pellat
555 2136 590 2176 ex
609 2119 709 2176 auimo
725 2116 831 2177 decus:

170 2199 273 2260 malus
290 2207 334 2261 est
348 2202 487 2261 minister
502 2202 578 2279 regii
592 2202 711 2280 imperii
726 2202 832 2278 pudor.

140 2290 156 2339 4
218 2298 315 2346 mer.
340 2284 416 2355 Quid
433 2285 492 2346 lrno
507 2285 616 2346 seniles
632 2286 710 2345 lessa
727 2285 840 2346 moliris
855 2286 964 2365 gradus

173 2388 191 2428 o
210 2368 272 2429 fida
288 2372 387 2431 nutrix
402 2369 552 2431 turbidam
570 2372 702 2431 lrontom
718 2388 826 2449 gerens
1117 2382 1168 2433 440

174 2462 206 2514 et
221 2462 336 2516 maesta
351 2455 474 2517 uultus?
497 2474 601 2534 sospes
617 2465 662 2517 ost
677 2463 758 2516 certe
774 2473 882 2534 parens

176 2557 342 2619 sospesque
357 2540 493 2601 Phaedra
510 2542 612 2619 stirpis
627 2549 657 2601 et
672 2542 809 2618 geminae
825 2541 934 2617 iugum.

137 2621 160 2678 u'
192 2626 197 2635 '
216 2637 320 2686 uvrn.
344 2625 442 2687 llletus
455 2626 589 2686 remitte:
612 2642 759 2704 prospero
776 2642 901 2702 regnum
917 2626 945 2684 in
963 2632 1039 2686 statu
1056 2633 1100 2687 est

175 2708 342 2786 domusque
355 2709 471 2772 florens
484 2719 565 2771 sorte
581 2709 661 2771 lolioi
675 2712 765 2788 uiget.

176 2792 230 2852 sed
244 2800 276 2853 tu
291 2791 386 2855 beatis
402 2796 501 2856 mitior
516 2794 609 2856 rebus
623 2797 707 2856 ueni:
1113 2804 1164 2854 445

176 2895 306 2956 namque
320 2881 438 2940 anxiam
454 2898 503 2940 me
517 2898 589 2940 eura
604 2879 745 2941 sollicitat
760 2882 811 2939 tui.

179 2958 279 3039 [quod
292 2974 320 3025 te
334 2968 400 3041 orare
408 2970 519 3041 poenis
530 2967 681 3039 omuibus
695 2964 824 3037 infestus
839 2961 970 3042 domos]
1045 2960 1050 2967 “

147 3067 162 3099 e
223 3045 313 3114 lluem
331 3050 389 3110 lata
407 3057 518 3127 cogunt
534 3049 583 3109 ille
603 3068 670 3110 rum
686 3050 773 3109 nenia
791 3058 835 3107 est
851 3049 954 3118 miser,

180 3181 378 3192 u..

247 3251 294 3299 413
314 3252 379 3301 faeo
399 3252 423 3300 A
443 3252 506 3302 uioe
524 3252 550 3301 Ε
561 3248 574 3318 ΙΙ
589 3254 640 3301 420
660 3252 783 3301 senodes
796 3252 821 3300 Ε
839 3250 887 3314 (an
901 3250 967 3301 edes
985 3259 1002 3300 t.
1018 3253 1066 3302 Hs,
1089 3250 1098 3319 ll

180 3315 230 3362 422
242 3317 330 3381 linitur
341 3321 368 3369 in
380 3318 406 3368 Ε
416 3326 476 3383 post
488 3338 512 3370 u.
527 3323 582 3369 423
594 3316 668 3386 [1424
685 3324 797 3368 innecte
811 3329 848 3383 εψ
866 3320 973 3368 innerte
985 3320 1010 3369 Α
1023 3316 1034 3385 ll
1046 3322 1094 3370 431

182 3380 246 3431 fano
262 3384 293 3433 E¹
316 3387 397 3436 fanos
416 3404 435 3436 α
452 3389 532 3436 fauet
549 3386 616 3450 E³u
637 3384 648 3453 ΙΙ
667 3388 718 3437 436
736 3388 812 3437 iussa
830 3388 877 3451 qui
896 3389 971 3451 regis
990 3386 1097 3452 timetl

180 3450 231 3499 437
248 3451 364 3517 deponat
377 3470 457 3505 omne
476 3460 505 3505 et
515 3456 605 3519 pellet
624 3471 647 3504 e.
662 3456 689 3504 al
703 3456 728 3504 d.
747 3456 860 3508 ciNHa.
874 3451 886 3521 ΙΙ
897 3456 948 3503 446
967 3456 1095 3504 anxiame

182 3514 210 3563 Ε
218 3514 230 3582 ll
243 3520 288 3570 447
300 3521 395 3572 domos
406 3522 432 3572 Ε
448 3524 591 3574 Vossianus
609 3532 711 3588 grauns
724 3524 748 3572 Α
767 3539 866 3573 uersum
885 3524 1013 3572 damnauit
1031 3522 1096 3572 Seo-

182 3583 323 3652 liyerll448
340 3587 387 3640 hic
406 3590 514 3655 quidem
533 3592 613 3640 uiuat
632 3593 714 3639 miser
733 3589 801 3639 Am
820 3594 857 3641 od
867 3606 946 3655 moro.
967 3590 1013 3639 ille
1033 3605 1095 3639 eum

181 3654 260 3703 nenia
276 3661 317 3706 est
332 3659 417 3707 miser
432 3659 458 3706 E
480 3656 492 3723 ll
