2750 4250
291 303 334 368 34
572 317 604 364 n.
622 315 756 362 sunum
772 313 930 362 sumnum

293 457 474 544 [lunatoque
485 462 565 518 tortu
580 456 680 518 sibilat
694 457 798 518 cnudo
813 449 932 536 druco]

254 551 280 608 u'
335 545 393 605 Par
409 544 451 602 ire
467 542 589 602 formae.
617 542 709 604 sensit
725 548 757 601 ut
771 547 869 600 motus
884 539 992 618 pedum

290 627 396 690 attollit
411 627 503 688 hirtas
518 643 615 704 angue
630 625 746 686 uihreto
763 643 873 694 eomes,

290 718 472 790 missumque
488 718 586 790 captat
599 729 672 772 aure
687 709 825 772 subrecto
840 728 946 771 sonum

289 801 403 861 sentire
419 805 448 859 et
462 795 585 858 umbras
599 795 712 857 solitus,
742 803 775 856 ut
788 796 911 874 propior
926 795 1005 856 stetit
1230 812 1270 859 tuo
1299 856 1300 861 η

289 886 360 946 loue
374 889 469 953 natus,
487 887 573 942 antro
588 881 665 942 sedit
678 882 810 944 iuuentus
825 882 916 942 cuuis.
1299 878 1301 881 ’

262 985 269 1032 i
335 969 372 1030 Et
387 975 512 1046 uterque
527 968 633 1028 timuit.
664 985 735 1028 ecce
749 965 856 1028 latratu
872 965 956 1043 graui

288 1053 352 1114 loca
368 1057 570 1120 mentemst,
588 1050 685 1113 sibilat
700 1058 778 1112 totos
794 1052 893 1113 minax

288 1155 412 1218 serpens
427 1156 481 1216 per
496 1153 603 1198 armos.
632 1140 718 1200 uocis
732 1136 901 1198 horrendae
917 1135 1018 1214 fragor

287 1241 342 1304 per
359 1240 411 1283 ore
426 1223 533 1283 missus
547 1229 632 1284 ternu
646 1222 749 1285 ieliees
762 1240 883 1303 quoque

288 1315 418 1370 exterret
431 1306 561 1368 umbras.

604 1390 700 1454 Soluit
713 1390 831 1454 Alcides
844 1392 925 1454 leros

289 1486 360 1539 tunc
376 1479 439 1558 ipse
455 1480 546 1538 rictus
562 1483 591 1538 et
607 1477 780 1538 oleonueum
795 1487 884 1557 eaput

288 1566 412 1643 opponit
426 1581 461 1624 ac
476 1580 509 1626 se
524 1564 655 1640 tegmine
670 1564 783 1640 ingenti
798 1564 871 1640 tegit

288 1650 411 1710 uictrice
426 1665 564 1726 magnum
582 1648 702 1710 dextera
718 1648 813 1708 robur
828 1666 945 1725 gerens.

258 1746 266 1794 l
332 1733 396 1794 Huc
411 1750 491 1795 nunc
507 1740 536 1793 et
550 1733 619 1794 illuc
633 1733 763 1796 uerbere
779 1732 903 1794 adsiduo
919 1740 1006 1794 rotet.

286 1819 446 1896 ingeminet
460 1820 547 1878 ictus.
579 1819 707 1880 domitus
721 1818 843 1896 infregit
857 1821 951 1880 minas

286 1909 316 1962 et
331 1910 437 1964 cuncta
451 1902 545 1965 lassus
561 1906 656 1984 sepita
671 1900 816 1965 summisit
832 1905 914 1965 canis

286 1994 429 2066 antroque
445 1996 506 2049 toto
522 1990 618 2051 cessit.
649 1990 783 2050 extimuit
798 1989 905 2050 sedens

286 2079 411 2153 uterque
427 2073 501 2137 solio
517 2074 653 2138 dominus
669 2083 699 2137 et
713 2075 783 2136 duci
797 2075 889 2137 iubet.

285 2176 334 2219 me
349 2177 468 2241 quoque
497 2159 717 2243 peteulimuuus
731 2159 849 2223 Aloidae
865 2158 954 2224 dedit.
1230 2173 1274 2222 810

250 2245 269 2303 ι’
330 2244 407 2305 Tum
423 2250 523 2325 grauia
540 2250 666 2307 monstri
682 2246 758 2309 solla
774 2246 962 2325 permulcens
974 2264 1067 2307 menn

285 2330 440 2393 adamante
456 2339 534 2394 terto
551 2334 654 2393 uinxit.
685 2331 794 2393 oblitus
807 2335 854 2394 sui

286 2423 384 2477 eustos
400 2419 484 2496 opeoi
499 2416 626 2498 peruigil
641 2420 728 2497 regui
744 2420 824 2479 oanis

285 2504 428 2580 conponit
442 2520 529 2564 eures
545 2502 664 2564 timidus
680 2511 709 2563 et
724 2503 837 2581 patiens
853 2501 931 2562 trahi

285 2603 428 2665 urumque
443 2587 537 2649 lassus
552 2606 606 2647 ore
621 2590 779 2648 summisso
795 2587 964 2667 obsequens

284 2678 443 2750 utrumque
459 2672 551 2734 caude
567 2671 667 2752 pulsat
682 2673 836 2749 enguiiem
851 2671 937 2733 letus.

245 2780 269 2812 m
325 2758 483 2837 Postquam
500 2766 544 2819 est
559 2758 596 2818 ud
613 2775 680 2818 orus
696 2757 821 2817 Taenari
837 2766 960 2819 uentum
977 2765 1006 2817 et
1020 2759 1099 2818 nitor

256 1415 271 1435 ,ο

254 1442 263 1472 l

349 3014 372 3045 u.
393 3000 441 3047 791
460 2998 544 3047 delent
570 2992 582 3061 ΙΙ
610 2998 659 3046 792
677 2995 731 3046 Per
748 2995 774 3044 E
796 2991 808 3062 ΙΙ
836 2997 886 3047 793
903 2996 1030 3047 umbrato
1053 2993 1089 3045 V¹
1112 2999 1124 3061 ss
1151 2998 1209 3049 794

282 3064 413 3115 subrecto
426 3064 516 3130 ΕφοΕ
528 3065 607 3115 IPal.
625 3064 753 3114 subiecta
765 3064 813 3129 φΑ
838 3060 850 3131 [Ι
874 3065 923 3114 796
942 3064 1015 3115 sedit
1027 3064 1105 3129 EVp
1124 3064 1210 3116 cedit
1299 3121 1301 3132 Ι

282 3132 307 3181 Α
324 3128 336 3197 [Ι
352 3135 401 3182 797
415 3137 444 3183 et
455 3138 571 3197 uterque
584 3132 674 3181 timuit
685 3134 733 3182 nix
743 3149 816 3183 sarta.
834 3150 868 3182 on
884 3136 1030 3198 uteroque
1043 3134 1176 3183 tumuit?
1197 3133 1208 3201 l}

171 3259 175 3267 ι
284 3201 334 3251 800
353 3204 450 3249 eterna
467 3202 494 3250 V
523 3198 535 3266 11
570 3202 619 3252 801
644 3216 660 3250 a
682 3200 767 3251 laeua
790 3217 811 3251 ω
839 3204 874 3250 et
893 3200 978 3251 laeuo
1001 3202 1082 3253 Wut.
1111 3200 1205 3253 Alci-

282 3266 339 3316 des
361 3269 456 3332 seripsi
487 3265 500 3334 ΙΙ
535 3268 609 3319 ieros
631 3268 686 3318 Au
709 3284 863 3334 suprascr.
899 3270 978 3321 ferox
996 3269 1068 3334 tht
1102 3264 1114 3335 ΙΙ
1146 3272 1205 3324 803
1299 3269 1301 3330 l

282 3335 353 3399 tegit
374 3335 399 3384 E
427 3336 547 3401 potegit
584 3338 611 3387 V
643 3336 731 3401 clepit
754 3339 778 3387 A
820 3333 832 3403 ΙΙ
877 3338 928 3389 804
954 3332 1099 3403 uictrices!
1120 3337 1145 3387 Ε
1179 3336 1192 3406 [Ι
1299 3335 1301 3384 i

280 3404 330 3455 805
343 3402 464 3469 assiduo)
479 3404 521 3453 sid
533 3406 559 3454 in
571 3421 624 3455 ras.
638 3404 663 3453 E
686 3402 699 3471 ll
721 3408 771 3457 806
790 3405 890 3472 minas)
900 3414 962 3471 post
975 3421 988 3455 s
999 3422 1052 3458 ros.
1067 3406 1092 3454 E
1112 3402 1124 3471 ll
1146 3410 1205 3459 807
1299 3421 1301 3460 ;

281 3471 375 3536 lapsus
398 3473 445 3537 Vnt
474 3468 486 3538 ΙΙ
514 3474 564 3524 808
589 3476 681 3524 cessat
704 3473 738 3523 V¹
776 3469 788 3540 ΙΙ
822 3475 872 3525 810
893 3472 1007 3539 petente
1030 3475 1058 3523 V
1063 3475 1166 3525 illm
1181 3478 1207 3527 Τ

280 3544 537 3661 luildiiiil
554 3534 991 3676 itt-rtrlnttum
1014 3543 1093 3593 ”¹¹¹⁰
1112 3543 1162 3607 ‘W'
1176 3540 1190 3611 ¹¹
