2750 4250
427 345 548 394 onnrrr
564 345 811 396 nnxcnnxrvn
1018 331 1078 398 113
1104 359 1117 384 ι

179 485 240 547 illud
253 503 364 547 cruore.
391 503 497 564 magna
514 487 664 564 praesagit
680 485 756 548 mala

178 579 303 650 paternus
317 572 441 632 animus.
467 572 545 632 iacta
559 573 619 633 iem
634 580 703 632 suni
717 572 831 634 semine

179 654 257 716 cledis
271 655 399 717 futurae:
415 657 567 734 spernitur
582 658 659 735 pacti
673 656 757 718 fides.

151 767 167 800 c
212 741 260 801 Hic
274 747 414 819 occupato
429 740 537 802 cedere
551 742 679 819 imperio
694 749 791 820 neget,

177 827 215 886 ius
227 823 272 886 iiie
286 832 314 886 et
328 827 378 887 icti
392 826 565 887 foederis
578 833 670 887 testes
685 825 757 886 deos

175 909 279 970 innccct
292 918 321 971 et
333 910 429 988 Argos
443 908 514 972 exul
528 919 617 989 atque
632 909 723 972 nrbes
738 917 840 972 mouet

176 997 260 1071 graias
272 996 303 1055 in
316 1013 408 1056 erma.
434 1012 496 1056 non
511 994 586 1056 leuis
600 995 688 1056 fessis
702 997 786 1057 uenit

175 1079 246 1139 ruina
261 1079 381 1140 Thebis:
398 1078 454 1140 tela
469 1079 609 1142 dammae
624 1079 750 1141 uulnera

175 1166 270 1223 instent
284 1165 390 1225 cristis
405 1166 430 1225 si
444 1165 525 1243 quod
540 1173 586 1226 est
599 1166 696 1226 maius
710 1163 838 1226 mnium:

174 1253 202 1308 ui
215 1266 273 1308 esse
288 1250 403 1326 genitos
418 1267 507 1310 nemo
522 1267 583 1310 non
598 1268 635 1310 ex
651 1267 698 1312 me
714 1249 797 1312 sciui„

209 1345 281 1393 Axr.
304 1333 334 1394 si
349 1332 430 1394 nulla
445 1336 561 1412 genitor
576 1353 664 1396 cause
681 1334 803 1396 uiuendi
818 1334 870 1395 cibi
886 1341 939 1404 esi,

173 1416 235 1478 baec
249 1436 302 1478 une
317 1417 437 1480 abunde
452 1429 507 1489 est,
524 1427 557 1480 ut
571 1426 656 1497 pater
671 1426 777 1496 gnatos
792 1436 879 1498 regas

173 1504 288 1578 grauiter
303 1503 444 1565 furentes.
470 1513 501 1565 tu
517 1505 589 1583 inpii
605 1502 675 1564 beili
690 1506 784 1565 mines

172 1594 294 1649 cuernre
308 1607 387 1649 unus
402 1598 492 1667 tuque
508 1587 671 1650 uaecordes
685 1596 771 1666 notes

173 1671 292 1734 inhibere
304 1674 442 1744 iuuenes,
457 1673 572 1734 ciuibus
587 1691 693 1752 pacem
709 1673 782 1736 dere

173 1759 271 1833 patriae
285 1759 414 1836 quietem
430 1756 580 1820 foederi
594 1757 675 1820 laeso
690 1757 789 1820 iidem.

173 1841 250 1901 citam
265 1841 317 1902 bibi
331 1843 395 1920 ipse
410 1842 435 1903 si
450 1859 550 1922 neges,
566 1841 667 1904 multis
681 1860 783 1921 negas.

149 1943 164 1977 a
208 1937 317 1988 onnrr.
340 1926 403 1988 Illis
416 1929 586 2007 parentis
602 1926 679 1988 ullus
695 1935 746 1988 ent
760 1928 847 2006 aequi
861 1935 906 1990 est
921 1945 1022 1988 ambr
1091 1945 1143 1996 295

171 2009 252 2071 auidis
265 2013 381 2074 crucris
394 2014 501 2090 imperi
516 2030 671 2074 armorum
688 2010 749 2073 dcii

170 2094 233 2155 diris
245 2097 375 2159 scelestis
389 2097 521 2159 breuiter
537 2097 680 2159 abdicem
697 2097 789 2159 meisi

170 2183 314 2242 certamin
330 2179 420 2243 omne
433 2183 549 2245 facinus
564 2191 594 2244 ei
607 2184 694 2262 pensi
709 2182 782 2244 nihil

169 2264 270 2326 ducunt
283 2266 332 2328 ubi
347 2265 414 2328 illos
428 2269 472 2329 ira
487 2269 666 2346 praecipites
679 2269 741 2345 egit

169 2350 298 2432 nefasque
311 2350 426 2414 nulium
441 2371 496 2431 per
510 2352 595 2413 nefas
610 2354 669 2415 nati
685 2359 801 2431 putent.
1091 2372 1142 2423 300

153 2425 159 2443 '
206 2434 264 2497 Non
279 2438 398 2515 patris
412 2436 478 2499 ilios
492 2438 587 2515 tangit
601 2436 701 2499 afflicti
717 2436 854 2516 pudor,

169 2536 222 2579 non
236 2524 336 2599 petria,
352 2540 449 2601 regno
464 2528 568 2600 pectus
582 2523 738 2585 attonitum
755 2522 836 2584 surii.
1027 2537 1050 2582 r.
1065 2538 1175 2580 xxxxv

168 2606 222 2665 scio
235 2624 291 2685 quc
305 2609 451 2677 ferantur,
468 2615 576 2685 quanta
592 2606 690 2670 moliri
705 2614 812 2686 parcnt
870 2614 872 2621 '

166 2686 283 2770 ideoque
297 2690 348 2753 leci
362 2710 476 2769 quaem
489 2700 636 2753 maturam
652 2693 732 2753 uiam

168 2776 291 2854 morique
305 2794 446 2856 propero,
462 2777 533 2838 dum
547 2778 578 2838 in
593 2776 682 2839 dome
694 2794 786 2839 nemo
801 2785 847 2839 est
860 2796 925 2839 mee
1091 2799 1141 2849 305

170 2862 311 2922 nocentior
326 2879 375 2923 me
377 2905 905 2923 ...........

205 2945 269 3006 Ant.
315 2993 322 3005 .
369 2993 376 3006 .
422 2993 429 3008 .

149 3039 160 3072 0
204 3027 302 3108 Oedip.
464 3032 573 3100 Gnate,
589 3031 659 3109 quid
675 3029 802 3109 genibus
818 3031 891 3092 meis

169 3109 211 3172 bes
224 3114 380 3176 aduoluta?
403 3116 472 3196 quid
487 3134 577 3195 prece
592 3116 769 3176 indomitum
784 3114 905 3176 domes?

169 3231 358 3244 ——u—

223 3302 271 3353 289
287 3302 383 3369 Regni
398 3303 425 3353 Ε
440 3318 525 3369 reges
542 3302 569 3353 A
591 3298 603 3368 ΙΙ
631 3303 682 3353 290
700 3301 824 3353 ferentes
841 3302 868 3353 Ε
888 3298 902 3369 ΙΙ
930 3304 981 3355 293
998 3303 1074 3358 lenos

169 3364 273 3421 blaeso
290 3371 317 3419 A
346 3366 360 3437 [Ι
387 3372 438 3421 295
455 3376 499 3421 cni
515 3386 598 3435 cupra
614 3371 657 3422 lin.
673 3368 698 3418 Ε
720 3364 732 3435 ΙΙ
761 3371 811 3420 297
829 3370 897 3421 uiris
916 3371 1030 3441 celestis
1048 3372 1074 3421 Ε

168 3430 223 3485 dbis
244 3436 373 3489 scelestis
390 3440 415 3489 A
444 3434 458 3505 ss
484 3440 536 3491 299
554 3443 624 3504 agat
641 3438 666 3488 A
690 3438 752 3503 agii
769 3438 830 3503 Εψ
858 3434 871 3505 ΙΙ
899 3441 950 3491 304
971 3443 1074 3491 maturi

169 3501 189 3550 A
203 3509 334 3557 maturam
350 3506 377 3556 Ε
399 3502 413 3573 ΙΙ
434 3508 486 3558 305
502 3507 626 3571 merique
639 3508 663 3557 A
683 3520 736 3570 qne
754 3522 802 3557 om.
815 3508 841 3558 Ε
863 3508 978 3559 lacunam
993 3510 1073 3574 riqui-

166 3569 231 3627 ficari
245 3576 319 3625 unire
334 3589 434 3638 wrm,
452 3591 511 3625 naar
528 3576 570 3626 bic
581 3588 680 3640 queque
692 3570 740 3637 (cf.
753 3574 817 3638 139)
835 3576 982 3639 Αηιίροπαι
994 3575 1074 3627 cerba

169 3636 314 3694 intercidisse
331 3644 408 3694 docet
426 3640 521 3708 Oedipi
534 3644 707 3709 interrogatio
721 3636 796 3706 (307)
820 3638 833 3709 ΙΙ

211 3756 329 3794 ΒΙΕῈῦΔΒ
350 3757 434 3795 ΤΒᾸΘ.
849 3724 868 3787 8

157 1329 164 1346 Ι
