2750 4250
420 373 602 422 munerans
620 358 809 442 [01111111]
1011 358 1074 422 431

149 521 173 580 bl
282 513 440 576 Fallimur:
463 513 541 576 laeto
556 515 639 576 uenit
654 533 744 575 eece
760 512 843 575 uoltu

241 618 325 677 quem
343 599 411 661 tulii
425 600 541 660 Poeans
556 601 726 680 umerisque
742 598 800 660 tela

241 692 333 762 gestat
349 693 379 745 et
393 692 478 744 notas
493 683 611 763 populis
625 684 783 763 pharetras

357 769 535 832 Herculis
550 769 648 832 heres.

448 1036 596 1086 CHORVS.
619 1037 782 1085 NVNTIVS.

204 1195 298 1256 Effare
315 1212 401 1256 casus
416 1196 534 1256 iuuenis
549 1193 707 1256 herculeos
724 1210 843 1274 precor,

168 1278 276 1342 uoltune
292 1299 421 1362 quonam
436 1278 537 1341 tulerit
550 1278 667 1343 Alcides
684 1298 797 1341 necem.

167 1379 257 1426 nunu.
273 1384 331 1445 quo
347 1383 436 1428 nemo
451 1366 551 1427 uitam.

125 1469 126 1510 2
168 1463 260 1512 cnon.
589 1449 684 1512 laetus
699 1449 814 1512 adeone
827 1448 949 1512 ultimos
1009 1507 1016 1512 .

167 1537 261 1596 inuasit
276 1536 378 1615 ignes?

167 1635 258 1682 NVNT.
408 1637 475 1682 esse
489 1622 548 1682 iam
564 1620 699 1681 ilammas
713 1619 787 1681 nihil

168 1706 283 1766 ostendit
297 1704 346 1766 ille
362 1707 414 1784 qui
429 1705 485 1766 sub
500 1706 557 1766 hoe
572 1706 685 1766 mundo
702 1705 846 1768 Hercules
1063 1725 1069 1736 ·
1093 1715 1158 1765 1615

166 1792 276 1852 inmune
291 1794 336 1852 ru'l
350 1791 480 1870 reliquit.
512 1809 549 1853 en
565 1791 674 1852 domita
691 1793 798 1852 omnia.

125 1953 126 1956 Ἴ
167 1886 259 1937 cnon.
275 1878 353 1936 inter
368 1893 495 1954 uapores
511 1877 577 1956 quis
593 1875 647 1937 11111
663 1876 732 1937 lorti
746 1876 849 1937 loeus?

125 1967 127 2026 Ι
166 1974 259 2022 111111.
277 1961 355 2039 quod
372 1979 463 2022 unum
480 1962 510 2022 in
526 1960 599 2024 orbe
616 1963 731 2024 uicerat
745 1961 877 2022 nondum
893 1961 1003 2022 malum

125 2047 127 2094 l
167 2054 190 2104 et
203 2046 317 2106 llamma
333 2048 410 2107 uicta
428 2053 486 2116 est,
503 2046 575 2108 haec
591 2065 711 2127 quoque
726 2049 851 2109 accessit
865 2047 951 2115 ieris,

165 2132 234 2193 inter
250 2132 368 2194 labores
384 2134 459 2211 ignis
474 2132 632 2195 herculeos
647 2133 716 2194 abii.
1095 2143 1161 2193 1620

125 2286 126 2301 ¹
167 2227 260 2278 enon.
284 2218 414 2279 edissere
430 2218 555 2295 agedum
571 2218 690 2279 flamma
707 2237 766 2298 quo
783 2220 859 2279 uinta
877 2225 921 2278 est
936 2218 1042 2279 modo?

125 2304 126 2353 l
166 2314 261 2364 NVNT.
279 2312 311 2364 ut
326 2304 423 2365 omnis
439 2303 533 2365 Oeten
549 2309 661 2364 maesta
678 2305 827 2383 conripuit
841 2321 962 2365 manus:

166 2385 226 2448 huie
241 2388 325 2467 fagus
343 2388 464 2449 umbras
479 2389 578 2467 perdit
592 2398 622 2451 et
637 2396 699 2449 tolo
715 2389 790 2450 iacet

125 2474 128 2539 l
166 2474 271 2533 succisa
285 2482 408 2541 tierneo,
426 2473 519 2535 ilectil
533 2473 581 2535 hic
596 2476 698 2552 pinum
716 2474 800 2535 lerox

166 2560 243 2617 astris
259 2560 420 2618 minantem
438 2566 467 2619 et
482 2558 562 2619 nube
579 2559 615 2619 de
631 2558 727 2619 media
744 2567 845 2631 uocat,

167 2643 271 2703 ruitura
287 2650 404 2704 cautem
421 2644 513 2704 mouit
530 2650 558 2706 el
574 2642 678 2705 siluam
695 2644 762 2704 tulit

166 2820 359 2831 ᾖ...-

225 2930 290 2984 1608
308 2934 399 2983 Poeas
412 2934 438 2983 A
455 2948 543 2998 paens
560 2929 697 3001 ψ(119)1Ι
712 2934 889 2997 humerisque
908 2934 933 2982 Α
947 2932 970 2983 Ii
987 2933 1075 2982 hnmi-

164 2996 245 3064 lisque
264 3000 340 3068 ψω)
364 2998 376 3068 [Ι
399 3000 556 3052 NVNTIVS
571 3026 577 3038 ·
594 3000 741 3053 CHORVS
760 3002 786 3051 E
815 2999 961 3051 CHORVS
976 3024 982 3039 ·
996 3000 1075 3050 PHI-

165 3065 325 3119 LOTETES
337 3070 362 3119 R
379 3068 517 3119 NVTRIX
532 3092 538 3108 ·
552 3069 811 3121 PHILOCTETES
824 3071 850 3121 A
863 3067 936 3134 (add.
948 3067 1076 3119 alemena

166 3134 199 3199 G)
221 3144 246 3187 et
269 3140 308 3189 sie
329 3154 380 3203 per
403 3144 481 3188 totam
503 3153 629 3189 scurnum.
660 3135 672 3203 ΙΙ
703 3139 769 3188 1612
791 3139 912 3189 Voltune
929 3137 956 3186 E
985 3136 1081 3188 Voltu-

165 3216 211 3264 que
228 3206 253 3256 A
283 3203 295 3271 ΙΙ
326 3207 394 3258 1614
417 3210 536 3257 essedum
553 3207 580 3256 E
610 3220 671 3257 esse
691 3207 748 3257 iam
766 3207 791 3256 A
820 3202 832 3272 ΙΙ
862 3207 929 3256 1615
953 3205 1003 3255 sub
1028 3205 1082 3255 hoo

165 3273 256 3325 mundo
275 3275 301 3325 E
319 3276 369 3326 sub
390 3288 494 3325 occasu
512 3276 537 3324 A
553 3270 566 3342 ΙΙ
585 3274 650 3325 1616
667 3274 791 3325 Immune
809 3275 906 3325 uinci?
924 3272 985 3338 (rie)
1003 3272 1085 3338 liquit

167 3354 196 3389 an
213 3342 318 3393 domita
336 3343 430 3394 omnia
447 3343 473 3392 E
490 3342 626 3393 Immune
644 3343 694 3393 nil
712 3343 839 3407 reliquit
858 3344 937 3395 Gran.
956 3341 1085 3393 edomita

167 3407 235 3460 NHs.
248 3415 314 3463 conl.
327 3413 410 3463 Herc.
418 3411 436 3461 I
438 3413 488 3461 900
501 3408 669 3477 (perdomita
682 3411 779 3477 tellus)
793 3412 903 3463 Virtute
915 3410 992 3460 niuei
1004 3410 1083 3461 iudo·

166 3477 227 3529 mita
244 3479 341 3531 doeuil
359 3481 493 3541 omnium
523 3482 557 3529 V.
575 3496 603 3533 11.
628 3480 724 3531 docuit
741 3479 880 3530 indomita
898 3479 992 3531 omnia
1010 3480 1047 3528 a?
1068 3479 1082 3541 ll

167 3546 225 3597 1616
242 3546 311 3600 orbe*
330 3548 356 3597 Ε
375 3548 441 3597 orbe
460 3548 487 3597 A
498 3544 510 3615 ΙΙ
522 3550 633 3599 uicerat
650 3548 676 3597 E
694 3553 813 3599 uenerat
831 3550 856 3598 A
869 3546 881 3614 l}
899 3548 965 3598 1623
983 3546 1040 3596 Hic
1059 3546 1085 3595 Ε

166 3612 232 3664 Hine
250 3616 277 3666 A
294 3616 367 3665 Huic
388 3616 466 3667 Gran.
479 3612 563 3682 111010
582 3616 710 3667 ε111ο11
727 3617 753 3666 A
770 3613 782 3683 ΙΙ
799 3618 869 3667 1624
886 3616 976 3666 flectit
994 3614 1040 3663 hie
1058 3614 1084 3663 Ε

165 3679 235 3733 flexit
246 3684 312 3734 hine
324 3686 350 3734 A
362 3680 374 3749 Η
388 3683 453 3735 1626
467 3689 576 3735 cautem
589 3684 615 3734 Ε
633 3689 731 3735 euntes
743 3686 769 3736 A
781 3682 908 3751 {ltaliam
924 3681 1011 3732 trehit
1024 3683 1050 3732 A
1061 3678 1074 3748 d
