2750 4250
459 371 641 419 unacvnns
658 356 824 441 [nunnus]

199 509 358 570 uirtutis.
380 512 454 570 atter
469 529 560 572 arma.
593 514 731 573 uincatur
745 531 810 574 mea

201 593 306 654 fortuna
322 595 434 674 dextra.

201 691 290 739 runs,
470 691 539 743 sunt
554 684 672 762 quidem
688 685 781 762 patris
796 701 901 761 preces

201 765 262 822 satis
276 764 423 836 efficaces,
440 768 491 828 sed
506 775 605 827 tamen
622 778 724 828 nostro
740 787 858 848 quoque

200 866 310 909 mouere
324 849 405 937 fletu.

169 942 186 997 ἴ
437 937 532 1016 Surge
547 945 577 998 et
591 937 717 1000 aduersa
733 940 843 1019 impetu

199 1022 339 1100 perfringe
355 1020 451 1083 solito.
482 1041 562 1083 nunc
578 1032 660 1085 tuum
677 1023 749 1084 nulli
764 1027 898 1104 inparem

200 1109 318 1166 animum
335 1108 413 1168 maio
428 1127 563 1176 resume,
581 1127 659 1169 nunc
675 1127 781 1187 magua
798 1109 852 1170 tibi

200 1193 330 1252 uirtute
350 1194 499 1271 agendum
515 1202 568 1254 est.
592 1194 752 1255 Herculem
768 1197 855 1256 irasci
872 1204 948 1256 neta.

199 1288 289 1337 nnnc.
319 1279 431 1338 sinino
453 1279 509 1339 ieci
523 1278 646 1348 scotera,
662 1281 688 1338 si
703 1281 816 1340 morior
837 1279 899 1341 tuli.

169 1374 185 1422 k
235 1361 362 1440 Purgare
377 1372 474 1425 terras
488 1382 629 1442 propero.
660 1364 832 1426 iamdudum
848 1365 920 1426 mihi

199 1457 352 1508 monstrum
368 1451 482 1526 inpium
499 1467 681 1529 saeuumque
696 1458 725 1510 et
740 1452 843 1510 inmite
859 1470 893 1512 ac
911 1451 1005 1513 terum

199 1530 315 1594 oberrat.
346 1536 472 1612 agedum
488 1535 592 1596 dextra
609 1553 718 1596 conare
734 1536 855 1613 aggredi

198 1616 291 1694 ingens
305 1638 381 1697 opus
395 1619 499 1681 labore
514 1621 633 1681 bisseno
649 1621 783 1701 amptius.
799 1655 839 1666 —

199 1702 298 1776 ignaua
312 1721 409 1764 cessas
425 1705 509 1765 tortis
523 1707 553 1765 in
570 1725 681 1787 pueros
697 1707 784 1767 modo

199 1787 381 1868 pauidamque
397 1792 540 1852 matrem?
562 1811 643 1854 arma
661 1794 715 1852 uisi
731 1793 838 1853 dautur
853 1793 933 1863 mihi,

199 1882 241 1934 aut
255 1892 339 1938 omne
355 1877 441 1938 Pindi
455 1878 567 1937 thracis
583 1879 715 1939 excidam
733 1895 837 1939 namus

198 1959 354 2038 Bacchique
371 1960 455 2023 tucos
471 1973 502 2023 et
517 1962 702 2024 Cithaeronis
717 1966 784 2040 iuga

199 2062 302 2106 mecum
322 2047 472 2108 cremabo.

183 2135 188 2154 '
504 2134 578 2194 Tota
594 2152 661 2193 cum
677 2134 794 2194 taribus
809 2136 869 2195 suis

199 2215 372 2297 dominisque
389 2225 480 2287 tecta,
496 2236 564 2278 cum
580 2219 644 2279 deis
659 2218 767 2298 templa
784 2219 922 2281 omnihus

199 2300 313 2363 thebana
329 2321 420 2380 supra
436 2321 544 2382 corpus
559 2304 705 2383 excipiam
722 2323 819 2367 meum

198 2393 276 2464 atque
289 2388 365 2449 urbe
380 2406 467 2448 uersa
484 2388 596 2449 condar
612 2398 642 2450 et
657 2391 681 2447 si
693 2389 827 2450 'fortibus

198 2470 255 2533 lene
270 2474 385 2551 pondus
400 2475 512 2533 umeris
528 2475 644 2534 moenia
661 2476 782 2536 inmissa
798 2474 927 2535 incident

198 2567 360 2636 septemque
377 2566 500 2637 opertus
515 2576 574 2619 uon
591 2561 661 2620 satis
676 2562 770 2637 portis
786 2577 913 2638 premar,

198 2658 264 2702 onus
278 2662 365 2705 omne
381 2644 477 2703 media
494 2653 581 2722 parte
597 2645 675 2722 quod
692 2645 794 2706 mundi
810 2645 892 2707 sedet

199 2725 357 2808 dirimitque
372 2746 497 2807 superos
512 2731 544 2788 in
559 2747 659 2790 meum
675 2738 791 2791 uertarn
808 2737 905 2809 caput.

198 2899 389 2909 ᾕ-

258 2984 321 3033 1278
340 2984 410 3034 affer
426 2986 451 3035 V
463 2984 531 3035 effer·
543 2986 584 3035 εΑ
601 2981 613 3051 ss
636 2986 703 3035 1279
722 2986 781 3034 Am.
795 2986 881 3035 ueraci
892 2985 1071 3048 prnefiaeumV
1079 2982 1091 3052 ΙΙ

200 3048 310 3116 fortuna)
323 3068 360 3101 na
371 3054 471 3117 syllaba
482 3069 534 3103 aec.
548 3070 578 3105 m.
592 3052 618 3101 Ε
635 3069 669 3102 cn
687 3055 855 3103 nouerca?
872 3048 884 3117 l}
907 3054 995 3117 patria
1012 3054 1037 3101 V
1053 3070 1102 3119 pa·

198 3118 259 3169 triae
277 3120 325 3169 EA
355 3116 368 3188 ΙΙ
398 3123 464 3171 1281
487 3136 597 3171 mouere
616 3120 694 3185 Ean
721 3135 850 3170 moneare
871 3122 894 3169 A
924 3116 936 3186 ΙΙ
966 3122 1033 3171 1284
1060 3130 1104 3172 eat

198 3200 238 3239 om.
253 3189 277 3237 V
296 3184 308 3255 ss
331 3192 397 3241 1286
409 3190 597 3239 iamdumdum
614 3188 646 3239 V¹
666 3186 678 3255 Η
691 3191 757 3239 1288
771 3188 906 3254 egendum
924 3186 1091 3257 V¹n131411

199 3255 408 3319 indignantem
425 3257 658 3323 ignaualdron.
683 3256 695 3323 ΙΙ
725 3259 789 3308 1291
809 3256 980 3322 pauidaeque
1000 3263 1103 3309 matres

197 3328 217 3382 ψ
279 3325 378 3375 dantur
395 3325 421 3374 E
439 3327 485 3375 atii
505 3332 532 3375 nt
554 3326 657 3375 uidetur
685 3327 784 3376 deutur
806 3327 855 3375 Vn
884 3320 897 3392 ss
926 3328 992 3376 1292
1033 3327 1102 3376 inidi

200 3390 222 3437 V
271 3395 407 3443 excisum
420 3392 541 3443 B.Sckm.
558 3389 570 3459 ΙΙ
594 3395 661 3444 1294
678 3398 728 3443 aut
740 3398 801 3443 tota
816 3396 922 3444 Vratiat.
934 3394 985 3447 Bo.
1005 3342 1102 3461 Iseum

195 3455 308 3511 domibus
325 3478 348 3511 eo
371 3476 433 3511 cum
453 3460 594 3511 famulis
614 3462 671 3511 suis
683 3460 802 3512 B.Scltm.
822 3478 883 3511 cum
901 3461 1022 3513 laribus
1037 3465 1103 3513 seri·

194 3523 260 3594 nait]
283 3531 348 3580 1297
374 3545 474 3580 euersa
491 3529 546 3580 EV
559 3531 667 3581 Vrata'sl.
698 3544 780 3579 uersa
798 3532 823 3580 A
852 3526 864 3597 tl
895 3532 960 3581 1298
979 3530 1104 3581 incident

195 3592 271 3710 {Vq
297 3598 473 3734 1qxcidontA
513 3594 526 3666 ss
566 3600 633 3649 1300
659 3596 731 3663 quod
754 3596 921 3649 mundiEV
948 3614 1003 3663 qua
1025 3614 1104 3648 mun-

210 3677 237 3714 us
252 3666 275 3715 Α
