2750 4250
300 303 365 371 282
589 323 621 368 c.
638 319 772 368 annam
787 319 945 368 sennenn

302 463 373 524 hoc
388 462 516 522 iacere
530 461 638 522 lason
654 461 797 540 potnit?
820 467 923 539 erepto
939 465 1027 537 patre

304 547 399 628 patria
414 555 503 626 atque
517 564 612 624 regno
627 545 750 608 sedibus
764 544 857 606 solam
874 546 984 606 exteris

304 631 462 693 desereret
484 632 577 693 duros
592 633 697 692 merita
714 631 893 708 contempsit
907 649 973 691 mea

302 719 354 796 qni
368 716 482 778 scelere
496 716 631 776 flammas
645 716 764 777 uiderat
778 717 858 776 uinci
873 723 904 776 et
917 714 1020 777 marei

303 803 416 864 adeone
431 801 534 862 credet
547 819 636 862 omne
651 809 861 879 consumptum
877 801 981 862 nelasi

268 888 295 947 ι’
347 887 463 948 lncerta
479 905 605 948 uaecors
619 897 720 948 mente
736 903 863 948 uaesana
879 887 959 947 seror

303 982 402 1051 partes
416 973 446 1032 in
462 990 581 1042 omnes,
596 972 676 1032 unde
691 991 739 1032 me
754 970 856 1032 ulcisci
872 971 998 1050 queam?

302 1059 414 1118 utinam
430 1064 508 1117 essct
523 1057 566 1118 illi
581 1057 684 1120 frater.
716 1067 760 1117 est
776 1057 922 1117 coniunx:
944 1058 972 1117 in
988 1057 1070 1115 hanc

302 1141 417 1202 terrum
432 1144 576 1218 exigatur.
594 1178 633 1188 —
648 1142 707 1202 hoc
723 1143 796 1201 meis
812 1143 882 1202 satis
897 1149 942 1200 est
956 1138 1062 1200 malis?

247 1229 253 1238 ’
302 1229 327 1286 si
343 1226 423 1305 qnod
439 1225 578 1306 pelasgae
593 1228 618 1289 si
633 1227 713 1304 qnod
731 1226 816 1287 urbis
831 1225 975 1286 barbarae

303 1330 416 1372 nouere
429 1313 547 1373 lacinus
561 1312 640 1391 qnod
656 1322 727 1372 tuae
742 1313 882 1390 ignorant
897 1328 1016 1379 manus,

302 1415 383 1458 nunc
398 1403 443 1458 est
456 1398 632 1476 parandum.
662 1395 811 1458 scelera
827 1403 855 1457 te
874 1396 1032 1456 hortentur
1048 1401 1099 1453 tua

303 1492 333 1544 et
347 1489 454 1544 cuncta
469 1482 609 1542 redeant:

288 1567 296 1587 '
660 1566 795 1627 lnclitum
811 1567 897 1643 regni
912 1565 1002 1626 decus

303 1661 422 1732 raptum
438 1659 468 1712 et
483 1650 629 1712 nefandae
642 1652 769 1726 uirginis
783 1668 895 1730 paruus
911 1668 1010 1711 comes

304 1738 417 1798 diuisus
433 1753 504 1797 cnse
520 1736 609 1797 lunus
623 1738 776 1812 ingestum
792 1737 870 1814 patri

303 1840 500 1901 sparsumque
516 1829 607 1901 ponto
623 1839 735 1901 corpus
751 1827 781 1880 et
795 1820 894 1881 Peliae
910 1822 989 1881 senis

304 1907 426 1968 decocta
443 1924 518 1968 aeno
532 1906 678 1967 membra.
709 1905 858 1966 funestum
874 1907 955 1985 inpie

304 2008 393 2068 qoam
409 2009 498 2070 saepe
512 1991 576 2051 ludi
589 1992 775 2069 sangninem.
807 1998 836 2050 et
851 1990 965 2052 nullum
981 1989 1056 2052 scel
1066 2007 1107 2048 us

303 2077 378 2137 irata
395 2068 467 2146 leci,
483 2077 579 2138 saeuit
591 2074 694 2138 infelix
709 2093 802 2137 amor.

270 2185 288 2219 a
349 2159 443 2231 Quid
459 2167 582 2222 tamen
597 2162 704 2223 lason
721 2162 843 2239 potuit
858 2160 947 2222 alieni
962 2160 1064 2223 arbitri

302 2244 435 2324 iurisque
450 2244 562 2307 iactos?
580 2282 615 2292 -
633 2247 736 2308 debuit
751 2246 832 2307 lerro
848 2246 970 2308 obuium

304 2330 412 2391 offerre
427 2338 541 2408 pectus.
561 2367 598 2377 -
614 2332 721 2393 melius
736 2332 775 2392 ah
790 2330 895 2393 melius
911 2331 995 2392 dolor

303 2414 415 2476 furiose
431 2415 562 2495 loquere.
592 2419 618 2477 si
634 2425 732 2495 potest
747 2418 829 2477 uiuat
844 2434 928 2477 meus

303 2506 338 2559 ut
351 2500 407 2561 tuit
420 2500 523 2569 lason,
539 2502 563 2561 si
579 2504 692 2572 minus,
708 2503 792 2562 uiuat
806 2508 905 2561 tamen

304 2600 478 2664 memorque
493 2588 585 2647 nostri
601 2588 718 2647 muneri
733 2570 917 2665 parcatmeo

269 2756 299 2804 αθ
348 2752 439 2833 Culpa
456 2761 501 2814 est
515 2756 649 2816 Creontis
662 2764 723 2817 tota
739 2757 789 2834 qui
804 2764 922 2835 sceptro
937 2758 1072 2835 inpotens

303 2837 440 2917 coniugia
457 2838 544 2899 soluit
560 2842 670 2920 quique
686 2842 867 2919 genetricem
884 2840 1026 2902 abstrahit

301 2922 402 2987 gnatis
418 2933 447 2985 et
462 2932 526 2985 arto
542 2927 669 3003 pignore
685 2928 855 2987 adstrictam
872 2925 959 2987 tidem
1214 2916 1222 2961 ¹

301 3082 507 3109 N—

376 3130 388 3148 ο

287 3260 304 3291 ³
372 3200 422 3251 118
439 3207 511 3259 haec
530 3214 554 3261 A
573 3214 625 3265 hoc
643 3212 692 3281 ΕΙΙ
706 3216 754 3265 122
774 3213 863 3264 credit
881 3215 905 3263 A
925 3214 1020 3264 credet
1037 3212 1201 3282 131112311011

283 3264 379 3367 &9¹¹2
390 3269 417 3315 Α
435 3286 541 3329 cesana
559 3282 584 3330 E
600 3279 612 3349 l]
630 3285 679 3333 126
698 3284 768 3333 haec
787 3298 805 3331 α
828 3282 881 3332 hoc
898 3291 937 3345 ψε
954 3280 965 3349 ΙΙ
983 3280 1032 3333 129
1050 3277 1199 3349 patrandum

280 3347 352 3429 uidi
378 3342 404 3377 ⁰·
429 3333 441 3403 ll
466 3345 514 3393 132
532 3350 669 3401 incestum
687 3352 713 3401 A
737 3350 909 3415 infestum‘p
932 3350 1072 3415 ingestum
1089 3351 1114 3401 Ε
1134 3340 1199 3416 {1135

275 3449 349 3492 me
375 3392 404 3441 Ε
429 3404 490 3458 sudi
507 3415 532 3463 A
555 3411 567 3479 ll
592 3425 621 3467 at
638 3436 658 3469 α
680 3415 692 3484 ΙΙ
717 3420 765 3469 136
786 3426 847 3482 post
864 3419 921 3469 leci
938 3420 987 3467 dno
1006 3419 1154 3471 hemistichia
1167 3413 1200 3463 dt·

272 3499 337 3554 142
362 3471 452 3567 gum
470 3477 544 3533 olis.
563 3480 575 3549 ΙΙ
593 3487 641 3537 139
660 3487 761 3537 afferre
779 3486 804 3535 E
822 3485 921 3537 offerre
940 3486 965 3536 A
986 3482 998 3553 ΙΙ
1021 3503 1055 3537 ec
1073 3487 1099 3537 E
1116 3474 1200 3541 ahAl

265 3566 332 3617 tuit
355 3548 524 3641 Rl'Panil·
543 3556 649 3604 muneri
666 3570 783 3621 parcam
802 3570 863 3605 meo
882 3557 913 3605 ci.
933 3555 1012 3606 Gron.
1037 3554 1198 3607 nomman-
