2750 4250
544 356 723 406 rflnnsrns

155 515 172 565 k
222 509 291 559 sar.
525 497 903 560 Hanelraudemseient
1064 507 1197 554 nomm

183 584 254 662 gnati
266 584 387 662 parari?

183 682 251 728 arn.
409 669 498 729 tacita
515 675 574 728 tarn
590 667 715 729 rudibus
731 668 804 730 lides

183 771 235 814 non
249 762 292 815 est
305 754 337 814 in
352 754 452 827 annis,
468 754 607 831 detegent
622 753 723 815 lorsao
742 752 842 815 dolos:

183 850 271 900 tacere
285 836 386 899 mollis
401 838 526 900 discitur
542 840 620 899 ullae
636 839 733 900 malls.

152 929 174 986 k'
219 936 290 984 ser.
315 923 473 1003 Ipsosque,
489 941 545 1004 per
560 941 634 1003 quos
650 923 664 983 l
668 923 787 986 allero
803 923 892 984 alinm
910 925 1031 1003 cogitas,
1109 941 1160 992 ano

185 1008 295 1080 lalles,
311 1018 344 1069 ut
358 1009 415 1088 ipsi
430 1012 555 1070 crimine
570 1016 601 1070 et
614 1007 701 1089 culpa
715 1011 840 1093 uacent?

185 1108 252 1155 arn.
280 1093 349 1171 quid
366 1095 446 1154 enim
460 1111 583 1156 necesse
598 1104 644 1156 est
660 1094 774 1156 liberos
788 1093 894 1156 sceleri
910 1111 977 1156 meo

184 1181 320 1241 inserere?
341 1196 395 1258 per
412 1197 466 1240 nos
481 1179 548 1240 odia
564 1197 596 1241 se
610 1190 712 1240 nostra
729 1179 888 1258 explicent.
906 1213 948 1224 -

164 1276 174 1324 i
223 1263 292 1325 llale
308 1266 386 1342 agis,
403 1264 520 1326 recedis
535 1266 643 1326 anime.
670 1266 694 1324 si
710 1265 808 1342 parcis
824 1265 890 1334 luis,

184 1367 278 1429 parces
293 1356 323 1410 et
336 1347 410 1410 illis:
433 1348 538 1410 consili
552 1351 756 1428 Agamemnon
772 1351 831 1411 mei
1107 1367 1159 1417 325

185 1436 270 1496 sciens
284 1435 419 1495 minister
434 1434 485 1495 liat
500 1441 529 1496 et
543 1436 621 1514 patri
637 1436 735 1498 sciens

185 1518 322 1580 Menelaus
336 1521 416 1580 assit.
444 1519 537 1600 prolis
552 1521 684 1581 incertae
699 1519 772 1581 fides

185 1623 215 1664 ex
228 1604 281 1665 hoc
296 1611 412 1682 petatur
428 1605 551 1666 scelere.
580 1607 604 1666 si
619 1601 697 1666 bella
714 1604 850 1665 abnuunt

185 1697 209 1749 et
222 1707 322 1767 gerere
335 1688 442 1751 nolunt
456 1690 532 1760 odia,
549 1692 574 1750 si
589 1698 730 1769 patruum
745 1697 871 1751 nocant:

159 1841 174 1863 d
187 1783 259 1853 pater
274 1781 325 1836 esi
354 1782 449 1836 eatur.

158 1867 168 1900 ¹
491 1859 582 1922 Multa
598 1860 649 1922 sed
664 1861 799 1940 trepidus
814 1859 888 1922 solet

186 1944 313 2023 detegere
327 1943 444 2013 uultus,
460 1963 567 2024 magna
582 1945 732 2006 nolentem
748 1962 867 2024 qnoque

187 2030 294 2090 consilia
308 2030 455 2110 produnt:
473 2033 609 2092 nesciant
624 2033 751 2109 quantae
767 2033 812 2090 rei

186 2114 249 2175 iant
261 2116 394 2177 ministri.
423 2124 524 2178 nostra
541 2127 572 2177 tu
589 2126 693 2195 coepta
710 2115 838 2178 oocules.

188 2212 252 2260 sar.
277 2200 353 2262 hand
370 2220 436 2262 sum
452 2202 632 2263 monendus:
649 2204 703 2263 ista
718 2208 821 2263 nostro
838 2202 867 2261 in
884 2208 1007 2280 pectore

187 2284 252 2345 lides
266 2287 424 2366 timorque,
440 2287 493 2348 sed
509 2289 603 2366 magis
618 2286 736 2348 claudet
751 2286 832 2347 lidos.
1111 2301 1161 2353 3³5

532 2469 669 2517 CHORVS

330 2573 481 2659 [Tandem
496 2579 584 2652 reaia
599 2579 717 2651 nobilis,

329 2665 451 2738 antiqui
461 2680 557 2737 oenus
571 2664 694 2736 Inachi,

325 2746 465 2821 fratrum
480 2751 638 2823 conposuit
651 2742 774 2830 minuc]

163 2931 177 2965 a
371 2897 444 2988 Quis
459 2934 514 2977 uos
529 2916 655 2995 exagitat
670 2917 755 2977 furor

327 3000 449 3063 alternis
464 3001 536 3063 dare
551 3003 725 3081 sanguinem
1112 3018 1162 3069 340

189 3117 378 3130 -——

248 3172 294 3221 317
319 3171 401 3223 ΛΤΒ.
420 3170 447 3220 E
468 3187 516 3222 om.
535 3172 560 3221 A
597 3166 610 3237 11
657 3172 707 3222 313
722 3170 811 3221 ΛΤΒ.
835 3174 930 3221 tacere
950 3171 975 3221 A
1010 3171 1093 3226 Arm

191 3239 265 3291 endi
285 3238 297 3307 ll
318 3243 368 3291 320
386 3240 499 3305 ipsosne
513 3240 538 3290 A
560 3240 692 3305 ipsosque
705 3239 730 3289 Ε
755 3236 767 3305 ll
794 3241 843 3291 321
862 3238 946 3290 falles
964 3238 1045 3289 ATR.
1064 3245 1094 3292 at

191 3300 1095 3373 mnfflmmmfflumffifflnffifflssmffim

191 3374 312 3426 ammeE
337 3376 474 3427 mmnsA
511 3371 524 3441 Η
552 3375 1048 3441 pmmsonmaipamimmnsE

191 3440 233 3491 328
250 3444 291 3507 qui
307 3444 384 3495 bella
399 3443 426 3494 Ε
448 3444 515 3494 sib.
533 3444 558 3493 A
593 3439 605 3510 ΙΙ
640 3446 690 3495 329
708 3448 834 3509 patruum
848 3445 873 3495 A
895 3444 1005 3511 patrum
1023 3446 1049 3495 E

192 3510 234 3560 333
250 3513 340 3564 occule
358 3514 401 3563 uei
418 3511 498 3562 ocrile
511 3513 537 3562 A
560 3511 671 3563 conules
690 3512 715 3563 E
738 3509 751 3581 ΙΙ
774 3515 824 3565 335
843 3513 950 3565 clandit
967 3515 993 3565 A
1017 3514 1094 3566 cleu-

192 3575 231 3625 det
246 3592 260 3629 ε
279 3582 290 3647 Η
312 3580 457 3630 CHORVS
476 3580 528 3630 EA
551 3577 563 3647 ΙΙ
586 3582 722 3633 336-338
740 3582 847 3633 eieciat
859 3582 974 3633 hocloco
987 3585 1094 3637 alienos.

195 3644 277 3696 Verum
296 3650 391 3700 initium
409 3651 529 3699 carminis
547 3648 679 3715 obreptum
698 3667 752 3702 ecee
775 3652 899 3715 suspicor.
930 3646 941 3716 ll
