2750 4250
273 271 334 338 138
550 287 582 333 u.
599 286 733 335 11111111
748 286 910 335 sequere

231 428 258 486 (ι’
315 427 446 504 Stirpem
461 443 568 505 peresa
584 424 662 486 Solis
676 426 765 486 inuisi
781 426 879 487 Venus

274 530 328 591 per
344 529 399 572 uos
414 519 532 572 calenus
548 511 678 573 uindicat
691 511 794 572 ldurlis
808 512 854 570 sui

272 614 399 675 suasque
414 596 532 674 probris
546 614 635 656 omne
650 593 819 672 phoebeum
835 612 930 672 genus

274 689 380 742 onerat
394 680 538 741 nefandis.
568 679 648 740 nullu
664 681 771 740 minuis
786 678 842 740 levi

273 766 413 828 deiuueta
429 784 531 825 eruore
546 775 606 833 est,
623 766 754 842 iungitur
769 783 889 844 semper
904 767 997 827 nefus.

238 879 256 912 e
316 864 419 911 uvrle.
444 850 557 910 Theseu
574 853 703 911 coniunx
719 848 799 910 clera
814 852 974 930 progenies
988 850 1069 912 louis

274 934 401 996 nefanda
417 942 498 996 custo
512 943 636 1012 pectore
651 934 776 996 exturba
792 937 885 996 ouius.

275 1022 415 1098 extingue
429 1019 563 1081 dammas
577 1038 655 1081 neue
671 1029 701 1080 le
718 1019 800 1080 dirue
815 1021 879 1099 spei

274 1104 386 1184 praebe
402 1103 626 1184 obsequentem.
657 1105 789 1183 quisquis
805 1106 945 1183 inprime
960 1105 1076 1168 obstitit

274 1188 450 1270 pepulitque
465 1207 598 1250 amorem
614 1197 696 1250 tulus
711 1206 746 1249 uu
761 1190 858 1250 uietor
873 1191 943 1260 fuit,

276 1275 326 1354 qui
341 1273 522 1335 blandiendo
537 1273 624 1334 dulce
641 1274 766 1333 nutriuit
780 1274 889 1335 malum

276 1377 345 1421 sero
360 1365 480 1419 recusat
494 1358 574 1420 lerre
590 1359 668 1436 quod
685 1357 775 1418 subiit
789 1361 902 1435 iugum.

238 1445 265 1504 θ’
320 1443 382 1505 Nee
397 1462 444 1504 me
459 1443 534 1522 fugit
549 1462 637 1521 quum
653 1444 748 1504 durus
763 1451 792 1504 et
807 1446 871 1504 ueri
886 1444 1016 1506 insoleus

274 1531 310 1590 ud
326 1536 408 1589 rectu
423 1529 502 1589 decli
516 1531 617 1606 regius
632 1527 704 1591 nulii
721 1537 830 1589 tumor.

275 1632 484 1693 quemcunque
500 1613 615 1674 dederit
630 1615 741 1674 exitum
758 1631 843 1674 casus
860 1613 969 1674 ieram:

275 1700 381 1761 lortem
397 1699 466 1759 lucil
480 1699 578 1759 uieinu
593 1697 715 1759 liberius
729 1715 842 1759 senem.

276 1783 418 1865 [honesta
426 1788 562 1859 primum
577 1791 622 1845 est
635 1786 713 1844 uelle
727 1800 783 1843 nee
797 1785 862 1844 lubi
873 1787 940 1861 uia,

269 1871 376 1946 pudor
390 1875 434 1929 est
447 1871 597 1930 secundus
611 1885 699 1930 nosse
708 1871 867 1944 percandi
880 1867 1026 1949 modum]

275 1971 335 2032 quo
350 1954 457 2013 misera
472 1954 590 2031 pergis?
612 1953 682 2034 quid
699 1953 819 2012 demum
835 1953 975 2012 infamem
991 1970 1143 2032 eggrauus

275 2056 458 2117 superasque
474 2038 618 2098 matrem?
641 2039 736 2097 maius
751 2048 796 2098 est
810 2045 944 2098 monstro
961 2039 1059 2098 ueles:

277 2142 345 2184 nam
360 2130 491 2184 munstre
508 2124 583 2192 lule,
600 2121 735 2184 muribus
750 2120 862 2185 seelera
879 2124 1007 2200 inpurus.

231 2213 265 2272 e''
321 2209 352 2268 Si
366 2207 447 2287 quod
463 2211 590 2270 maritus
604 2226 712 2287 supere
730 2225 786 2268 nun
803 2210 898 2269 ceruit
913 2207 978 2268 lecu

231 2334 239 2342 -
277 2301 372 2356 tulum
388 2312 454 2355 esse
471 2293 586 2355 sueinus
601 2293 700 2353 eredis
716 2300 746 2353 et
761 2311 887 2355 uacuum
904 2301 1004 2354 metu:

277 2397 370 2440 erras.
398 2377 496 2439 ¹teneri
512 2379 602 2439 erede
616 2378 733 2439 lelhueo
749 2377 880 2439 abditum

276 2463 391 2525 'l'heseu
407 2464 555 2543 proluudo
571 2473 601 2525 ei
615 2464 695 2524 serre
711 2470 883 2542 perpetuum
901 2462 1005 2543 Styga:
1116 2452 1125 2465 ⁸

277 2550 346 2630 quid
362 2548 412 2609 ille
427 2548 486 2610 lato
502 2552 594 2610 maria
610 2551 659 2627 qui
674 2566 768 2627 regno
784 2549 893 2627 premit

276 2634 453 2714 populisque
467 2634 565 2695 reddit
580 2636 645 2695 iura
661 2636 794 2694 ceuleuis
809 2633 912 2712 paler?

277 2721 369 2783 latere
385 2727 497 2781 lantum
514 2720 629 2780 lucinus
644 2718 794 2780 occultum
810 2718 906 2779 sinet?

276 2920 479 2929 ———--

344 3049 394 3098 129
411 3060 538 3112 perosum
551 3045 577 3095 E
588 3039 600 3110 ΙΙ
611 3056 708 3092 nemus
725 3039 760 3091 Εί
779 3055 848 3090 corr.
862 3038 899 3089 Ε*
910 3034 923 3105 ΙΙ
935 3041 982 3089 131
1001 3010 1136 3105 phoebdm
1147 3038 1175 3087 E
1188 3036 1198 3103 ll

277 3119 325 3168 141
343 3131 410 3165 uere
430 3131 449 3165 α
471 3111 484 3181 ΙΙ
508 3116 556 3163 143
574 3110 682 3160 ΡΗΑΕ.
698 3124 803 3174 queme.
822 3106 881 3169 Αε,
900 3106 1010 3160 ΡΗΑΕ.
1025 3109 1083 3157 dell.
1096 3108 1196 3159 Delm'o.

278 3179 440 3249 6111111144
458 3186 565 3233 sortem
585 3207 617 3215 -
636 3177 739 3228 leuem
759 3179 792 3227 ci.
811 3171 954 3241 11111111
972 3176 1021 3225 146
1034 3176 1147 3226 uberare
1165 3176 1196 3223 A

275 3268 332 3303 non
350 3252 406 3301 isle
424 3250 449 3300 E
472 3265 542 3301 corr.
560 3248 636 3300 NHr.
655 3246 721 3295 dunc
738 3250 764 3294 et
780 3250 926 3309 sequentem
942 3261 966 3293 u.
986 3244 1082 3303 deleui,
1106 3241 1195 3291 delrio

274 3329 408 3386 utriunque
420 3319 555 3369 eolloeauit
572 3322 632 3380 pori
649 3330 673 3366 u.
687 3316 740 3363 263
758 3312 911 3374 interposito
928 3328 953 3361 u.
966 3314 1019 3361 2⁵5
1035 3308 1048 3377 ΙΙ
1067 3311 1111 3361 147
1128 3322 1195 3372 gra·

275 3404 329 3439 uas
343 3390 367 3437 A
387 3400 526 3452 eggreues
539 3384 592 3448 Εψ
604 3379 616 3450 Η
629 3382 678 3432 148
696 3381 785 3430 maius
804 3394 838 3429 es
856 3380 887 3429 ri.
901 3380 934 3429 N.
948 3375 1084 3443 11111152
1100 3383 1195 3427 tamen

276 3463 308 3508 lu
326 3455 409 3507 erede
427 3457 452 3506 Α
475 3453 565 3505 teneri
582 3451 664 3502 erede
685 3451 725 3499 Re
742 3444 753 3514 ΙΙ
772 3450 820 3499 153
838 3447 975 3513 profundo
993 3448 1067 3497 ierre
1085 3447 1107 3496 Α
1129 3458 1195 3509 pro·

274 3526 362 3577 fundo
380 3529 410 3575 et
426 3523 494 3575 ferri
511 3521 537 3571 Ε
556 3520 644 3584 (ferre
663 3525 681 3569 t.
702 3514 763 3581 Gr.)
782 3520 889 3581 stygem
908 3516 932 3565 A
953 3522 1035 3581 styge
1052 3514 1078 3565 Ε
1104 3510 1114 3579 ΙΙ
1141 3510 1195 3560 156

275 3594 407 3645 tacitum
425 3597 456 3645 ei.
476 3592 588 3642 Istrum
612 3585 624 3653 ll
