2750 4250
464 316 647 366 nnncvnns
665 301 856 385 [nnrsnvs]
1054 305 1121 370 423

459 552 654 602 HERCVLES.
678 553 857 603 ALCMENA.

246 711 391 772 Conucrte
407 710 505 772 uoltus
521 710 558 771 ad
573 729 654 772 meas
672 710 772 774 clades
788 721 883 791 pater.

203 814 361 874 numquam
376 795 413 856 ad
429 802 494 857 tuas
510 795 643 874 confugit
657 794 773 858 Alcides
788 816 909 869 manus,

203 899 261 941 non
279 899 344 942 cum
361 899 416 960 per
431 888 513 942 ortus
528 881 622 961 hydra
639 883 801 943 fecundum
817 901 901 946 meos

203 974 287 1047 caput
302 965 476 1046 explicaret.
510 969 587 1028 iuter
602 967 738 1028 infernos
753 966 836 1030 lacus

200 1069 353 1131 possessus
369 1059 432 1112 atra
449 1060 536 1114 nocte
553 1070 620 1112 cum
635 1052 696 1114 lato
711 1053 777 1112 steti

201 1155 255 1198 nec
270 1138 416 1198 inuocaui.
449 1142 491 1197 tot
506 1137 585 1198 ieras
601 1138 661 1198 uici
678 1137 815 1198 horridas

201 1239 284 1300 reges
299 1229 441 1301 tyrannos
456 1240 513 1282 nec
528 1232 627 1283 tamen
643 1221 743 1282 uoltus
758 1240 841 1284 meos

199 1307 228 1366 in
243 1315 321 1368 astra
337 1308 429 1368 torsi:
452 1325 571 1386 semper
586 1307 660 1368 haec
676 1307 763 1368 nobis
779 1325 886 1370 manus

200 1401 300 1453 uotum
317 1391 486 1471 spopondit.
518 1390 597 1454 nulla
614 1411 669 1470 pro
681 1411 742 1469 per
757 1410 805 1454 me
821 1411 905 1454 sacro

200 1479 330 1538 micuere
345 1476 428 1538 caelo
444 1476 583 1548 fulmina,
602 1477 649 1538 hic
666 1477 778 1557 aliquid
792 1477 855 1539 dies

200 1569 301 1642 optare
316 1563 409 1624 iussit.
440 1563 554 1640 primus
571 1562 701 1623 audieris
717 1581 823 1642 preces

199 1647 334 1728 idemque
350 1665 493 1708 summus.
525 1649 646 1708 unicum
662 1647 776 1709 lulmen
792 1655 871 1726 peto.

199 1735 315 1810 giganta
332 1733 435 1794 crede:
460 1750 519 1792 non
535 1735 632 1792 minus
648 1731 764 1794 caelum
780 1732 853 1792 mihi

199 1835 331 1878 asserere
347 1819 446 1896 potui,
462 1816 532 1878 dum
549 1826 664 1894 patrem
680 1837 787 1879 uerum
802 1825 893 1897 puto,

200 1901 279 1963 caelo
295 1904 425 1983 peperci.
459 1904 521 1964 siue
538 1901 667 1964 crudelis
683 1912 768 1980 pater

199 1989 259 2048 siue
275 2005 308 2048 es
324 1989 511 2048 misericors:
537 1987 683 2050 conmods
698 1995 769 2049 nato
785 2005 874 2049 manu

200 2080 377 2153 properante
393 2079 520 2135 mortem
537 2080 566 2135 et
582 2090 694 2152 occupa
711 2073 789 2134 hauc
803 2070 922 2135 laudem
939 2073 998 2134 tibi.
1137 2083 1203 2135 1310

200 2159 244 2220 uel
259 2161 283 2219 si
299 2162 381 2238 piget
396 2176 561 2236 manusque
577 2159 724 2221 detrectat
740 2159 840 2220 nefas:

201 2246 295 2306 emitte
312 2244 406 2306 siculo
421 2247 535 2305 uertice
551 2244 690 2305 ardentes
707 2251 791 2322 pater

201 2328 316 2391 Titanas
331 2331 362 2389 in
378 2347 425 2390 me
442 2331 492 2407 qui
507 2347 611 2391 manus
627 2330 721 2391 Pindo
740 2330 816 2390 ierat

201 2421 247 2474 aut
260 2421 289 2475 te
305 2414 377 2476 Ossa
395 2416 446 2494 qui
462 2432 510 2475 me
525 2422 626 2475 monte
642 2424 787 2493 prerupto
804 2414 962 2494 opprimat.

201 2497 353 2580 abrumpat
367 2499 458 2560 Erebi
474 2499 618 2569 claustra,
635 2518 683 2561 me
699 2500 802 2561 stricto
818 2506 900 2577 petat
1138 2507 1203 2557 1315

262 2735 460 2788 HERCVLES
475 2762 481 2776 ·
496 2735 673 2787 ALGMENA
692 2737 717 2786 Ε
729 2738 754 2787 Α
773 2735 1005 2788 HERCVLESR
1022 2743 1116 2786 utrum·

203 2819 244 2869 que
262 2820 309 2857 om.
328 2802 376 2871 ψ11
389 2806 454 2856 1297
473 2806 628 2870 explicaret
646 2807 673 2856 Ε
683 2813 707 2870 ψ
725 2804 892 2869 implicaret
910 2820 930 2855 ot
947 2820 983 2855 eac
1000 2804 1118 2854 Danielis

203 2874 261 2925 coni.
290 2869 302 2939 11
332 2874 398 2923 1298
422 2872 562 2924 obsessus
586 2874 664 2925 NHs.
689 2880 718 2924 at
739 2873 981 2936 cfiHerc.1286
1009 2868 1021 2938 11
1051 2874 1118 2923 1300

203 2954 249 2989 000
267 2940 292 2991 Ε
322 2956 378 2991 000
395 2940 420 2989 Α
444 2936 456 3007 11
481 2944 545 2993 1302
564 2948 677 3008 propter
695 2956 738 2991 me
754 2940 819 2990 ΕΑ
849 2956 891 2990 me
910 2944 1023 3006 propter
1041 2940 1117 2990 NHs.

203 3024 247 3072 per
262 3024 305 3060 me
326 3007 385 3072 (om.
405 3014 464 3073 pro)
487 3010 511 3059 R
540 3026 588 3075 pro
607 3025 661 3074 per
680 3026 722 3059 me
745 3010 841 3072 scripsi
867 3003 879 3074 11
910 3011 976 3059 1303
995 3007 1118 3072 aliquod

204 3076 272 3129 NHs.
294 3074 306 3143 11
331 3077 397 3127 1304
416 3077 537 3127 audieris
556 3077 581 3126 Ε
605 3080 728 3128 audierit
744 3077 769 3126 A
788 3076 898 3126 audiuit
914 3077 994 3127 Rms.
1008 3077 1093 3126 Delrii
1114 3075 1118 3141 1

205 3146 264 3194 1300
277 3144 385 3195 caelum
397 3144 423 3193 E
432 3145 472 3195 on
490 3160 585 3197 uerum
599 3147 622 3196 A
636 3143 647 3212 11
661 3148 726 3197 1309
739 3160 849 3194 manum
862 3162 883 3195 ω
901 3160 990 3194 manu
1001 3144 1098 3208 scripsi
1113 3142 1116 3210 1

205 3213 264 3263 1310
285 3214 457 3277 Properante
480 3217 567 3269 morte
585 3214 611 3263 Ε
637 3216 760 3279 Propera
780 3218 845 3263 ante
863 3218 977 3263 mortem
997 3214 1021 3262 A
1049 3216 1118 3265 Pro-

204 3295 370 3345 peramque
389 3282 615 3335 mortemIGron.
642 3282 803 3346 Properate
816 3286 931 3331 mortem
945 3282 1024 3332 Goon.
1052 3282 1118 3330 Pro-

205 3349 322 3411 perando
342 3354 456 3399 mortem
476 3351 551 3400 NHs.
574 3347 586 3416 11
611 3352 675 3401 1311
696 3351 837 3399 detractat
854 3358 878 3414 ψ
898 3346 910 3416 11
935 3352 1001 3401 1313
1019 3364 1117 3399 manns

205 3415 279 3477 pindo
297 3418 372 3467 ferat
392 3417 415 3467 Ε
433 3434 517 3469 manu
533 3418 652 3468 Pindum
671 3418 764 3469 ierant
782 3418 807 3467 A
823 3414 835 3484 11
853 3419 919 3469 1314
936 3419 992 3468 Aut
1010 3432 1074 3469 ossa
1091 3416 1117 3465 Ε

121 3546 122 3551 1
208 3488 248 3531 000
259 3488 286 3536 te
298 3494 398 3547 osseus
416 3486 488 3537 Ante
502 3486 573 3538 Ossa
587 3488 612 3537 A
629 3481 640 3553 11
657 3486 813 3552 proscripto
832 3487 857 3535 Ε
875 3490 1020 3550 prerupto
1039 3485 1117 3538 NHs.

207 3552 321 3613 proiecto
338 3556 363 3603 A
376 3550 387 3620 11
400 3555 539 3619 opprimet
557 3555 581 3605 Ε
600 3556 757 3621 oppriment
775 3551 903 3620 01111315
921 3553 1073 3617 Abrumpat
1093 3552 1117 3601 Ε

208 3616 335 3686 Abrumpe
355 3623 424 3672 etA
449 3619 460 3689 11
