2750 4250
293 332 358 400 416
680 343 826 393 monum

297 489 412 568 tuisque
427 486 540 548 facibus
556 493 641 548 natus
656 485 685 544 ln
701 487 791 545 terris
805 503 904 554 eram,

296 573 333 634 ad
350 573 437 652 Styga
453 580 600 632 reuertar.
631 578 734 648 surget
747 568 915 631 Enceladus
930 569 1014 629 ferox

296 659 451 734 mittetque
467 674 525 734 quo
541 673 621 717 nunc
635 657 781 735 premitur
795 656 826 714 in
842 671 972 731 superos
986 671 1066 714 onus.

297 761 421 820 regnum
438 759 525 802 omne
541 741 656 818 genitor
672 740 804 800 aetheris
819 739 941 800 dubium
958 737 1011 798 tihi

298 846 379 888 mors
394 834 494 888 nostra
511 825 606 887 lacict.
638 832 706 886 ante
722 843 809 905 quarn
825 823 955 904 spolium
971 825 1013 883 tui

298 912 410 974 caelum
427 929 515 972 omne
530 912 595 982 liat,
612 910 709 971 conde
724 929 772 970 me
788 917 847 970 tota
865 917 950 988 pater

299 997 402 1060 mundi
417 998 512 1058 ruina.
544 997 646 1074 hange
662 1015 752 1076 quem
767 994 870 1074 perdis
885 993 997 1072 polum.

684 1226 832 1276 CHORVS.

265 1395 284 1430 a
471 1368 536 1430 Non
551 1387 627 1429 uana
643 1369 729 1428 times
744 1375 812 1429 nate
829 1367 973 1427 tonantis:

427 1455 484 1514 iarn
502 1463 529 1512 te
546 1452 618 1514 caeli
634 1471 726 1532 regua
742 1461 913 1531 sequentur.

428 1540 485 1599 iam
502 1538 687 1599 thessalicam
704 1537 806 1598 Polion
822 1536 925 1598 Ossam

429 1630 546 1701 premet
561 1630 590 1684 et
604 1623 698 1684 Pindo
715 1635 873 1701 congestus
888 1620 981 1683 Athos

429 1727 534 1770 nemus
550 1707 696 1769 aethereis
713 1709 823 1768 inseret
837 1709 934 1768 astris.

474 1860 577 1922 Vincet
592 1859 731 1940 scopulos
747 1860 815 1921 inde
830 1860 990 1940 Typhoeus

431 1952 459 2007 et
474 1946 646 2024 tyrrhenam
663 1947 737 2006 leret
752 1944 915 2014 lnarimen,

431 2030 507 2091 leret
522 2039 660 2092 aetnaeos
675 2030 743 2090 inde
760 2031 890 2090 caminos

431 2116 604 2198 scindetque
620 2115 696 2177 latus
713 2116 945 2193 montisaperti,

432 2202 563 2262 nondum
579 2201 748 2263 Enceladus
764 2200 887 2261 fulmine
904 2203 1011 2261 uictus.

665 2433 859 2481 Husscvuus.

347 2574 409 2653 Ego
426 2575 475 2653 qui
491 2574 594 2635 relicta
611 2582 706 2634 morte
722 2580 889 2651 contempla
906 2572 995 2653 Styge

305 2680 359 2742 per
375 2659 470 2721 media
486 2659 594 2720 Lethes
609 2666 711 2736 stagna
728 2677 794 2718 cum
811 2656 907 2736 spolio
922 2659 986 2719 redi

304 2765 364 2829 quo
379 2763 473 2823 paene
489 2742 577 2822 lapsis
593 2744 700 2804 excidit
715 2743 800 2805 Titan
817 2745 916 2821 equis,
953 2820 956 2826 1

307 2893 510 2902 ——-

375 2968 440 3018 1118
458 2970 539 3019 natus
558 2966 686 3015 interris
705 2966 729 3014 E
743 2967 767 3015 A
791 2967 819 3015 in
838 2965 921 3015 terris
939 2968 1022 3015 nulus
1040 2973 1064 3029 ψ
1083 2963 1095 3032 ΙΙ
1118 2959 1203 3014 eralE

307 3054 382 3089 erum
401 3032 450 3101 All
468 3038 533 3086 1150
552 3034 729 3098 Montemque
748 3034 773 3083 Ε
791 3034 939 3096 Mittelque
953 3033 978 3091 A
990 3028 1002 3098 ΙΙ
1015 3048 1083 3083 onus
1101 3029 1142 3097 ull
1155 3030 1204 3079 1153

305 3107 396 3158 iaciat
408 3104 433 3154 Ε
451 3103 500 3155 fiat
512 3105 536 3154 A
554 3099 565 3170 {l
584 3104 648 3153 1151
667 3103 769 3167 premis
785 3101 811 3149 Ε
828 3100 920 3173 perdis
938 3100 964 3150 A
1009 3098 1204 3157 uflouvsuo

305 3191 352 3226 om.
366 3175 393 3224 A
405 3170 416 3239 Η
436 3174 501 3224 1155
514 3172 597 3222 Chori
609 3178 670 3221 noto
678 3172 804 3234 praefica
816 3168 840 3217 A
854 3184 901 3219 om,
915 3168 964 3231 Εψ
1009 3186 1033 3219 u.
1049 3168 1204 3218 1161111511-

306 3244 398 3293 uocaui
409 3238 420 3309 Η
433 3257 520 3309 regna
538 3240 562 3289 E
582 3241 661 3304 signa
675 3239 700 3287 A
712 3233 723 3303 ΙΙ
737 3239 802 3287 1156
819 3237 898 3287 Nunc
917 3237 966 3287 ER
983 3238 1043 3287 Iam
1057 3238 1081 3287 A
1093 3232 1205 3356 Utheooa·

305 3312 388 3361 licam
401 3327 427 3376 p.
441 3326 531 3359 ossam
544 3309 593 3359 BR
605 3305 772 3356 Thessalico
784 3306 814 3355 P.
827 3306 897 3356 Ossa
910 3306 936 3355 A
948 3302 960 3370 ΙΙ
973 3307 1039 3357 1159
1051 3306 1091 3371 tip
1112 3318 1156 3353 eno
1166 3308 1185 3364 q
1195 3299 1204 3361 ll

309 3383 375 3431 1160
393 3378 532 3442 tyrrheam
550 3377 576 3425 E
592 3372 604 3442 ll
622 3376 650 3423 in
669 3374 774 3423 crimen
793 3373 842 3422 ΕΗ
858 3369 870 3438 ΙΙ
885 3372 1081 3423 Huucvuus
1098 3372 1154 3433 Eo
1169 3384 1205 3419 on·

309 3446 358 3515 ΑΗ
372 3447 437 3497 1165
456 3444 586 3495 Herculis
605 3449 667 3493 noto
681 3444 807 3506 praefixo
825 3442 848 3489 A
869 3457 917 3493 om,
935 3442 994 3506 Εψ
1011 3437 1024 3507 ΙΙ
1042 3442 1106 3492 1166
1123 3443 1206 3502 ougo

308 3518 357 3569 εΑ
375 3514 468 3564 stadia
480 3520 503 3574 ψ
516 3508 527 3578 ll
541 3513 605 3561 1161
619 3512 679 3573 Quo
692 3525 800 3574 poenae
812 3508 896 3558 luscis
908 3508 934 3558 Ε
947 3511 1007 3571 Quo
1021 3525 1091 3575 pene
1103 3502 1206 3572 lapsisll
1252 3503 1253 3532 l

309 3584 378 3635 Cum
396 3598 466 3648 pene
485 3579 567 3630 lassis
586 3580 626 3628 on
648 3578 746 3641 (lapsis
765 3593 834 3627 corr.
853 3578 969 3642 Lipsius)
995 3577 1063 3627 Cum
1080 3591 1147 3642 pena
1163 3578 1205 3621 tre·
1252 3589 1253 3614 1

308 3653 380 3716 pidia
398 3652 423 3701 A
439 3651 504 3713 sort.
525 3647 615 3707 Quom
639 3662 666 3708 p.
685 3645 791 3709 lapsus
808 3648 874 3699 conl.
894 3646 976 3699 Hero.
994 3646 1012 3695 l
1030 3663 1054 3696 u.
1066 3648 1106 3696 66.
1127 3639 1139 3709 Η
