<?xml version="1.0" encoding="UTF-8"?>
<!DOCTYPE html PUBLIC "-//W3C//DTD XHTML 1.0 Transitional//EN"
    "http://www.w3.org/TR/xhtml1/DTD/xhtml1-transitional.dtd">
<html xmlns="http://www.w3.org/1999/xhtml" xml:lang="en" lang="en">
 <head>
  <title>
</title>
<meta http-equiv="Content-Type" content="text/html;charset=utf-8" />
  <meta name='ocr-system' content='tesseract 3.04.00' />
  <meta name='ocr-capabilities' content='ocr_page ocr_carea ocr_par ocr_line ocrx_word'/>
</head>
<body>
  <div class='ocr_page' id='page_1' title='image "./tragoediaeacced00richgoog/tragoediaeacced00richgoog_0391.png"; bbox 0 0 2750 4250; ppageno 0'>
   <div class='ocr_carea' id='block_1_1' title="bbox 324 362 858 427">
    <p class='ocr_par' dir='ltr' id='par_1_1' title="bbox 324 362 858 427">
     <span class='ocr_line' id='line_1_1' title="bbox 324 362 858 427; baseline -0.007 0"><span class='ocrx_word' id='word_1_1' title='bbox 324 362 388 427; x_wconf 85' lang='lat'><strong>340</strong></span> <span class='ocrx_word' id='word_1_2' title='bbox 715 376 858 425; x_wconf 82' lang='lat' dir='ltr'><strong>rucunrr</strong></span> 
     </span>
    </p>
   </div>
   <div class='ocr_carea' id='block_1_2' title="bbox 320 516 1117 2365">
    <p class='ocr_par' dir='ltr' id='par_1_2' title="bbox 321 516 1020 937">
     <span class='ocr_line' id='line_1_2' title="bbox 365 516 1002 597; baseline -0.005 -18"><span class='ocrx_word' id='word_1_3' title='bbox 365 518 425 579; x_wconf 91' lang='lat' dir='ltr'><strong>Nos</strong></span> <span class='ocrx_word' id='word_1_4' title='bbox 447 516 501 578; x_wconf 93' lang='lat' dir='ltr'><strong>alia</strong></span> <span class='ocrx_word' id='word_1_5' title='bbox 518 519 613 579; x_wconf 92' lang='lat' dir='ltr'><strong>maior</strong></span> <span class='ocrx_word' id='word_1_6' title='bbox 628 516 787 595; x_wconf 76' lang='lat' dir='ltr'><strong>naufragos</strong></span> <span class='ocrx_word' id='word_1_7' title='bbox 801 518 892 597; x_wconf 89' lang='lat' dir='ltr'><strong>pestis</strong></span> <span class='ocrx_word' id='word_1_8' title='bbox 906 523 1002 579; x_wconf 90' lang='lat' dir='ltr'><strong>uocat.</strong></span> 
     </span>
     <span class='ocr_line' id='line_1_3' title="bbox 323 602 985 680; baseline -0.006 -15"><span class='ocrx_word' id='word_1_9' title='bbox 323 610 367 665; x_wconf 86' lang='lat' dir='ltr'><strong>est</strong></span> <span class='ocrx_word' id='word_1_10' title='bbox 381 602 500 664; x_wconf 87' lang='lat' dir='ltr'><strong>humilis</strong></span> <span class='ocrx_word' id='word_1_11' title='bbox 516 604 594 664; x_wconf 91' lang='lat' dir='ltr'><strong>unda</strong></span> <span class='ocrx_word' id='word_1_12' title='bbox 610 604 745 680; x_wconf 79' lang='lat' dir='ltr'><strong>scrupeis</strong></span> <span class='ocrx_word' id='word_1_13' title='bbox 758 604 884 663; x_wconf 83' lang='lat' dir='ltr'><strong>mendax</strong></span> <span class='ocrx_word' id='word_1_14' title='bbox 901 602 985 663; x_wconf 92' lang='lat' dir='ltr'><strong>uadis</strong></span> 
     </span>
     <span class='ocr_line' id='line_1_4' title="bbox 322 686 967 767; baseline -0.002 -18"><span class='ocrx_word' id='word_1_15' title='bbox 322 688 374 749; x_wconf 89' lang='lat' dir='ltr'><strong>ubi</strong></span> <span class='ocrx_word' id='word_1_16' title='bbox 389 707 459 749; x_wconf 82' lang='lat' dir='ltr'><strong>saxa</strong></span> <span class='ocrx_word' id='word_1_17' title='bbox 474 688 585 767; x_wconf 79' lang='lat' dir='ltr'>rapidis</span> <span class='ocrx_word' id='word_1_18' title='bbox 601 686 700 749; x_wconf 88' lang='lat' dir='ltr'><strong>clausa</strong></span> <span class='ocrx_word' id='word_1_19' title='bbox 716 688 877 750; x_wconf 87' lang='lat' dir='ltr'><strong>uerticibus</strong></span> <span class='ocrx_word' id='word_1_20' title='bbox 892 688 967 765; x_wconf 84' lang='lat' dir='ltr'><strong>tegit</strong></span> 
     </span>
     <span class='ocr_line' id='line_1_5' title="bbox 321 772 1020 854; baseline 0 -20"><span class='ocrx_word' id='word_1_21' title='bbox 321 773 410 845; x_wconf 69' lang='lat' dir='ltr'><strong>fallar</strong></span> <span class='ocrx_word' id='word_1_22' title='bbox 425 772 603 853; x_wconf 87' lang='lat' dir='ltr'><strong>Caphereus.</strong></span> <span class='ocrx_word' id='word_1_23' title='bbox 635 781 750 834; x_wconf 82' lang='lat' dir='ltr'><strong>aestuat</strong></span> <span class='ocrx_word' id='word_1_24' title='bbox 764 772 895 854; x_wconf 90' lang='lat' dir='ltr'><strong>scopulis</strong></span> <span class='ocrx_word' id='word_1_25' title='bbox 913 773 1020 833; x_wconf 86' lang='lat' dir='ltr'><strong>ireturn</strong></span> 
     </span>
     <span class='ocr_line' id='line_1_6' title="bbox 327 857 955 937; baseline -0.006 -16"><span class='ocrx_word' id='word_1_26' title='bbox 327 860 481 937; x_wconf 77' lang='lat' dir='ltr'><strong>feruetque</strong></span> <span class='ocrx_word' id='word_1_27' title='bbox 497 877 615 937; x_wconf 83' lang='lat' dir='ltr'>semper</span> <span class='ocrx_word' id='word_1_28' title='bbox 629 858 738 918; x_wconf 89' lang='lat' dir='ltr'><strong>lluctus</strong></span> <span class='ocrx_word' id='word_1_29' title='bbox 752 857 864 920; x_wconf 88' lang='lat' dir='ltr'><strong>alterna</strong></span> <span class='ocrx_word' id='word_1_30' title='bbox 881 860 955 918; x_wconf 88' lang='lat' dir='ltr'><strong>uice.</strong></span> 
     </span>
    </p>

    <p class='ocr_par' dir='ltr' id='par_1_3' title="bbox 320 944 1117 1698">
     <span class='ocr_line' id='line_1_7' title="bbox 364 944 1057 1022; baseline -0.003 -17"><span class='ocrx_word' id='word_1_31' title='bbox 364 947 422 1006; x_wconf 83' lang='lat' dir='ltr'><strong>drx</strong></span> <span class='ocrx_word' id='word_1_32' title='bbox 438 944 563 1003; x_wconf 91' lang='lat' dir='ltr'><strong>inminet</strong></span> <span class='ocrx_word' id='word_1_33' title='bbox 577 953 736 1022; x_wconf 88' lang='lat' dir='ltr'><strong>praerupta</strong></span> <span class='ocrx_word' id='word_1_34' title='bbox 752 960 828 1019; x_wconf 91' lang='lat' dir='ltr'><strong>quae</strong></span> <span class='ocrx_word' id='word_1_35' title='bbox 845 949 960 1020; x_wconf 91' lang='lat' dir='ltr'><strong>spectat</strong></span> <span class='ocrx_word' id='word_1_36' title='bbox 974 961 1057 1003; x_wconf 87' lang='lat' dir='ltr'><strong>mare</strong></span> 
     </span>
     <span class='ocr_line' id='line_1_8' title="bbox 320 1027 1025 1107; baseline -0.001 -18"><span class='ocrx_word' id='word_1_37' title='bbox 320 1030 470 1107; x_wconf 80' lang='lat' dir='ltr'>utrimque</span> <span class='ocrx_word' id='word_1_38' title='bbox 486 1030 649 1106; x_wconf 84' lang='lat' dir='ltr'><strong>geminum.</strong></span> <span class='ocrx_word' id='word_1_39' title='bbox 681 1027 799 1107; x_wconf 89' lang='lat' dir='ltr'><strong>Pelopis</strong></span> <span class='ocrx_word' id='word_1_40' title='bbox 814 1029 884 1088; x_wconf 84' lang='lat' dir='ltr'><strong>lrinc</strong></span> <span class='ocrx_word' id='word_1_41' title='bbox 898 1046 967 1087; x_wconf 89' lang='lat' dir='ltr'><strong>oras</strong></span> <span class='ocrx_word' id='word_1_42' title='bbox 981 1030 1025 1088; x_wconf 92' lang='lat' dir='ltr'><strong>tui</strong></span> 
     </span>
     <span class='ocr_line' id='line_1_9' title="bbox 326 1110 919 1190; baseline 0 -17"><span class='ocrx_word' id='word_1_43' title='bbox 326 1120 355 1173; x_wconf 92' lang='lat' dir='ltr'><strong>et</strong></span> <span class='ocrx_word' id='word_1_44' title='bbox 369 1112 500 1173; x_wconf 82' lang='lat' dir='ltr'>Isthmon</span> <span class='ocrx_word' id='word_1_45' title='bbox 517 1121 580 1174; x_wconf 90' lang='lat' dir='ltr'><strong>arto</strong></span> <span class='ocrx_word' id='word_1_46' title='bbox 599 1113 649 1190; x_wconf 87' lang='lat' dir='ltr'><strong>qui</strong></span> <span class='ocrx_word' id='word_1_47' title='bbox 664 1120 841 1173; x_wconf 88' lang='lat' dir='ltr'><strong>recuruatus</strong></span> <span class='ocrx_word' id='word_1_48' title='bbox 855 1110 919 1173; x_wconf 92' lang='lat' dir='ltr'><strong>solo</strong></span> 
     </span>
     <span class='ocr_line' id='line_1_10' title="bbox 323 1197 867 1275; baseline -0.002 -18"><span class='ocrx_word' id='word_1_49' title='bbox 323 1198 402 1258; x_wconf 89' lang='lat' dir='ltr'><strong>ionia</strong></span> <span class='ocrx_word' id='word_1_50' title='bbox 417 1200 500 1274; x_wconf 81' lang='lat' dir='ltr'><strong>iungi</strong></span> <span class='ocrx_word' id='word_1_51' title='bbox 516 1200 606 1257; x_wconf 89' lang='lat' dir='ltr'><strong>maria</strong></span> <span class='ocrx_word' id='word_1_52' title='bbox 623 1197 754 1275; x_wconf 81' lang='lat' dir='ltr'><strong>phrixeis</strong></span> <span class='ocrx_word' id='word_1_53' title='bbox 770 1206 867 1268; x_wconf 82' lang='lat' dir='ltr'><strong>uetat,</strong></span> 
     </span>
     <span class='ocr_line' id='line_1_11' title="bbox 325 1281 1117 1352; baseline 0.001 -10"><span class='ocrx_word' id='word_1_54' title='bbox 325 1282 396 1343; x_wconf 91' lang='lat' dir='ltr'><strong>hinc</strong></span> <span class='ocrx_word' id='word_1_55' title='bbox 409 1281 523 1343; x_wconf 91' lang='lat' dir='ltr'><strong>scelere</strong></span> <span class='ocrx_word' id='word_1_56' title='bbox 539 1282 670 1343; x_wconf 86' lang='lat' dir='ltr'>Lemnon</span> <span class='ocrx_word' id='word_1_57' title='bbox 687 1281 834 1352; x_wconf 88' lang='lat' dir='ltr'><strong>nobilem,</strong></span> <span class='ocrx_word' id='word_1_58' title='bbox 852 1283 921 1343; x_wconf 91' lang='lat' dir='ltr'><strong>hinc</strong></span> <span class='ocrx_word' id='word_1_59' title='bbox 937 1281 1117 1345; x_wconf 85' lang='lat' dir='ltr'><strong>Chalcodona</strong></span> 
     </span>
     <span class='ocr_line' id='line_1_12' title="bbox 320 1366 1100 1447; baseline 0.003 -20"><span class='ocrx_word' id='word_1_60' title='bbox 320 1368 494 1447; x_wconf 79' lang='lat' dir='ltr'><strong>tardamque</strong></span> <span class='ocrx_word' id='word_1_61' title='bbox 509 1366 622 1428; x_wconf 88' lang='lat' dir='ltr'><strong>ratibus</strong></span> <span class='ocrx_word' id='word_1_62' title='bbox 636 1366 733 1428; x_wconf 82' lang='lat' dir='ltr'>Aulin.</span> <span class='ocrx_word' id='word_1_63' title='bbox 762 1368 840 1428; x_wconf 89' lang='lat' dir='ltr'><strong>hanc</strong></span> <span class='ocrx_word' id='word_1_64' title='bbox 855 1385 954 1428; x_wconf 90' lang='lat' dir='ltr'><strong>arcem</strong></span> <span class='ocrx_word' id='word_1_65' title='bbox 971 1376 1100 1447; x_wconf 91' lang='lat' dir='ltr'><strong>occupat</strong></span> 
     </span>
     <span class='ocr_line' id='line_1_13' title="bbox 320 1451 964 1530; baseline 0.002 -18"><span class='ocrx_word' id='word_1_66' title='bbox 320 1452 485 1513; x_wconf 84' lang='lat' dir='ltr'><strong>Palamedis</strong></span> <span class='ocrx_word' id='word_1_67' title='bbox 501 1451 552 1512; x_wconf 93' lang='lat' dir='ltr'><strong>ille</strong></span> <span class='ocrx_word' id='word_1_68' title='bbox 568 1454 685 1530; x_wconf 85' lang='lat' dir='ltr'><strong>genitor</strong></span> <span class='ocrx_word' id='word_1_69' title='bbox 701 1459 731 1512; x_wconf 91' lang='lat' dir='ltr'><strong>et</strong></span> <span class='ocrx_word' id='word_1_70' title='bbox 746 1451 859 1513; x_wconf 91' lang='lat' dir='ltr'><strong>clarum</strong></span> <span class='ocrx_word' id='word_1_71' title='bbox 875 1471 964 1513; x_wconf 90' lang='lat' dir='ltr'><strong>rnanu</strong></span> 
     </span>
     <span class='ocr_line' id='line_1_14' title="bbox 322 1536 1004 1599; baseline 0.003 -3"><span class='ocrx_word' id='word_1_72' title='bbox 322 1536 422 1598; x_wconf 89' lang='lat' dir='ltr'><strong>lumen</strong></span> <span class='ocrx_word' id='word_1_73' title='bbox 438 1536 566 1597; x_wconf 78' lang='lat' dir='ltr'><strong>nefanda</strong></span> <span class='ocrx_word' id='word_1_74' title='bbox 582 1539 696 1598; x_wconf 89' lang='lat' dir='ltr'><strong>uertice</strong></span> <span class='ocrx_word' id='word_1_75' title='bbox 711 1556 727 1597; x_wconf 92' lang='lat' dir='ltr'><strong>e</strong></span> <span class='ocrx_word' id='word_1_76' title='bbox 743 1556 859 1599; x_wconf 88' lang='lat' dir='ltr'><strong>summo</strong></span> <span class='ocrx_word' id='word_1_77' title='bbox 876 1539 1004 1599; x_wconf 84' lang='lat' dir='ltr'><strong>efferens</strong></span> 
     </span>
     <span class='ocr_line' id='line_1_15' title="bbox 326 1621 894 1698; baseline 0 -15"><span class='ocrx_word' id='word_1_78' title='bbox 326 1624 356 1683; x_wconf 95' lang='lat' dir='ltr'><strong>in</strong></span> <span class='ocrx_word' id='word_1_79' title='bbox 371 1641 441 1685; x_wconf 82' lang='lat' dir='ltr'><strong>sara</strong></span> <span class='ocrx_word' id='word_1_80' title='bbox 457 1622 537 1682; x_wconf 90' lang='lat' dir='ltr'><strong>ducit</strong></span> <span class='ocrx_word' id='word_1_81' title='bbox 551 1622 663 1698; x_wconf 88' lang='lat' dir='ltr'><strong>perlida</strong></span> <span class='ocrx_word' id='word_1_82' title='bbox 679 1621 804 1683; x_wconf 83' lang='lat' dir='ltr'><strong>classem</strong></span> <span class='ocrx_word' id='word_1_83' title='bbox 820 1623 894 1683; x_wconf 88' lang='lat' dir='ltr'><strong>lace.</strong></span> 
     </span>
    </p>

    <p class='ocr_par' dir='ltr' id='par_1_4' title="bbox 320 1706 1089 2365">
     <span class='ocr_line' id='line_1_16' title="bbox 364 1706 938 1785; baseline -0.002 -18"><span class='ocrx_word' id='word_1_84' title='bbox 364 1707 496 1769; x_wconf 75' lang='lat' dir='ltr'><strong>Haerent</strong></span> <span class='ocrx_word' id='word_1_85' title='bbox 510 1708 603 1766; x_wconf 89' lang='lat' dir='ltr'><strong>acutis</strong></span> <span class='ocrx_word' id='word_1_86' title='bbox 619 1706 745 1785; x_wconf 86' lang='lat' dir='ltr'><strong>rupibus</strong></span> <span class='ocrx_word' id='word_1_87' title='bbox 760 1709 836 1768; x_wconf 83' lang='lat' dir='ltr'><strong>lirae</strong></span> <span class='ocrx_word' id='word_1_88' title='bbox 851 1715 938 1768; x_wconf 87' lang='lat' dir='ltr'><strong>rates.</strong></span> 
     </span>
     <span class='ocr_line' id='line_1_17' title="bbox 321 1790 1028 1870; baseline -0.004 -17"><span class='ocrx_word' id='word_1_89' title='bbox 321 1792 374 1853; x_wconf 88' lang='lat' dir='ltr'><strong>has</strong></span> <span class='ocrx_word' id='word_1_90' title='bbox 389 1793 486 1870; x_wconf 89' lang='lat' dir='ltr'><strong>inopis</strong></span> <span class='ocrx_word' id='word_1_91' title='bbox 502 1792 598 1852; x_wconf 91' lang='lat' dir='ltr'><strong>undae</strong></span> <span class='ocrx_word' id='word_1_92' title='bbox 613 1790 716 1853; x_wconf 91' lang='lat' dir='ltr'><strong>breuia</strong></span> <span class='ocrx_word' id='word_1_93' title='bbox 732 1794 929 1853; x_wconf 84' lang='lat' dir='ltr'><strong>conminuunt</strong></span> <span class='ocrx_word' id='word_1_94' title='bbox 943 1793 1028 1853; x_wconf 91' lang='lat' dir='ltr'><strong>uada.</strong></span> 
     </span>
     <span class='ocr_line' id='line_1_18' title="bbox 321 1876 1089 1957; baseline 0 -20"><span class='ocrx_word' id='word_1_95' title='bbox 321 1894 390 1957; x_wconf 87' lang='lat' dir='ltr'><strong>pars</strong></span> <span class='ocrx_word' id='word_1_96' title='bbox 406 1876 524 1937; x_wconf 87' lang='lat' dir='ltr'><strong>uehitur</strong></span> <span class='ocrx_word' id='word_1_97' title='bbox 539 1876 626 1937; x_wconf 91' lang='lat' dir='ltr'><strong>huius</strong></span> <span class='ocrx_word' id='word_1_98' title='bbox 642 1879 752 1955; x_wconf 91' lang='lat' dir='ltr'><strong>prima,</strong></span> <span class='ocrx_word' id='word_1_99' title='bbox 769 1894 839 1956; x_wconf 91' lang='lat' dir='ltr'><strong>pars</strong></span> <span class='ocrx_word' id='word_1_100' title='bbox 853 1876 976 1955; x_wconf 86' lang='lat' dir='ltr'><strong>scopulo</strong></span> <span class='ocrx_word' id='word_1_101' title='bbox 991 1876 1089 1947; x_wconf 89' lang='lat' dir='ltr'><strong>sedet,</strong></span> 
     </span>
     <span class='ocr_line' id='line_1_19' title="bbox 321 1961 959 2041; baseline 0.002 -20"><span class='ocrx_word' id='word_1_102' title='bbox 321 1962 399 2023; x_wconf 90' lang='lat' dir='ltr'><strong>hanc</strong></span> <span class='ocrx_word' id='word_1_103' title='bbox 414 1961 470 2022; x_wconf 92' lang='lat' dir='ltr'><strong>alia</strong></span> <span class='ocrx_word' id='word_1_104' title='bbox 486 1969 567 2022; x_wconf 88' lang='lat' dir='ltr'><strong>retro</strong></span> <span class='ocrx_word' id='word_1_105' title='bbox 583 1964 674 2041; x_wconf 91' lang='lat' dir='ltr'><strong>spatia</strong></span> <span class='ocrx_word' id='word_1_106' title='bbox 691 1962 871 2040; x_wconf 85' lang='lat' dir='ltr'><strong>relegentem</strong></span> <span class='ocrx_word' id='word_1_107' title='bbox 888 1962 959 2022; x_wconf 87' lang='lat' dir='ltr'><strong>ierit</strong></span> 
     </span>
     <span class='ocr_line' id='line_1_20' title="bbox 322 2046 1022 2126; baseline 0.001 -19"><span class='ocrx_word' id='word_1_108' title='bbox 322 2053 351 2107; x_wconf 88' lang='lat' dir='ltr'><strong>et</strong></span> <span class='ocrx_word' id='word_1_109' title='bbox 366 2046 458 2107; x_wconf 80' lang='lat' dir='ltr'><strong>fracta</strong></span> <span class='ocrx_word' id='word_1_110' title='bbox 476 2046 593 2126; x_wconf 81' lang='lat' dir='ltr'><strong>trangit.</strong></span> <span class='ocrx_word' id='word_1_111' title='bbox 623 2047 681 2107; x_wconf 90' lang='lat' dir='ltr'><strong>iam</strong></span> <span class='ocrx_word' id='word_1_112' title='bbox 698 2047 802 2107; x_wconf 91' lang='lat' dir='ltr'><strong>timent</strong></span> <span class='ocrx_word' id='word_1_113' title='bbox 816 2055 928 2107; x_wconf 87' lang='lat' dir='ltr'><strong>terram</strong></span> <span class='ocrx_word' id='word_1_114' title='bbox 944 2056 1022 2109; x_wconf 93' lang='lat' dir='ltr'><strong>rates</strong></span> 
     </span>
     <span class='ocr_line' id='line_1_21' title="bbox 322 2132 999 2195; baseline 0.004 -3"><span class='ocrx_word' id='word_1_115' title='bbox 322 2138 351 2192; x_wconf 90' lang='lat' dir='ltr'><strong>et</strong></span> <span class='ocrx_word' id='word_1_116' title='bbox 365 2135 458 2193; x_wconf 91' lang='lat' dir='ltr'><strong>maria</strong></span> <span class='ocrx_word' id='word_1_117' title='bbox 474 2132 596 2194; x_wconf 89' lang='lat' dir='ltr'><strong>malunt.</strong></span> <span class='ocrx_word' id='word_1_118' title='bbox 628 2133 733 2194; x_wconf 87' lang='lat' dir='ltr'><strong>cecidit</strong></span> <span class='ocrx_word' id='word_1_119' title='bbox 747 2135 777 2193; x_wconf 95' lang='lat' dir='ltr'><strong>in</strong></span> <span class='ocrx_word' id='word_1_120' title='bbox 793 2132 889 2195; x_wconf 91' lang='lat' dir='ltr'><strong>lucem</strong></span> <span class='ocrx_word' id='word_1_121' title='bbox 905 2134 999 2195; x_wconf 89' lang='lat' dir='ltr'><strong>luror.</strong></span> 
     </span>
     <span class='ocr_line' id='line_1_22' title="bbox 320 2216 1002 2297; baseline 0.003 -20"><span class='ocrx_word' id='word_1_122' title='bbox 320 2224 478 2297; x_wconf 88' lang='lat' dir='ltr'><strong>postquam</strong></span> <span class='ocrx_word' id='word_1_123' title='bbox 494 2216 608 2278; x_wconf 87' lang='lat' dir='ltr'><strong>litatum</strong></span> <span class='ocrx_word' id='word_1_124' title='bbox 624 2226 669 2278; x_wconf 89' lang='lat' dir='ltr'><strong>est</strong></span> <span class='ocrx_word' id='word_1_125' title='bbox 683 2217 753 2286; x_wconf 82' lang='lat' dir='ltr'><strong>llio,</strong></span> <span class='ocrx_word' id='word_1_126' title='bbox 770 2217 909 2279; x_wconf 90' lang='lat' dir='ltr'><strong>Phoebus</strong></span> <span class='ocrx_word' id='word_1_127' title='bbox 924 2219 1002 2280; x_wconf 88' lang='lat' dir='ltr'><strong>redit</strong></span> 
     </span>
     <span class='ocr_line' id='line_1_23' title="bbox 321 2302 923 2365; baseline 0.002 -3"><span class='ocrx_word' id='word_1_128' title='bbox 321 2309 351 2362; x_wconf 89' lang='lat' dir='ltr'><strong>et</strong></span> <span class='ocrx_word' id='word_1_129' title='bbox 366 2302 473 2363; x_wconf 90' lang='lat' dir='ltr'><strong>damna</strong></span> <span class='ocrx_word' id='word_1_130' title='bbox 489 2305 586 2363; x_wconf 90' lang='lat' dir='ltr'><strong>noctis</strong></span> <span class='ocrx_word' id='word_1_131' title='bbox 601 2303 692 2362; x_wconf 88' lang='lat' dir='ltr'><strong>tristis</strong></span> <span class='ocrx_word' id='word_1_132' title='bbox 708 2304 836 2365; x_wconf 86' lang='lat' dir='ltr'><strong>ostendit</strong></span> <span class='ocrx_word' id='word_1_133' title='bbox 851 2304 923 2364; x_wconf 92' lang='lat' dir='ltr'><strong>dies.</strong></span> 
     </span>
    </p>
   </div>
   <div class='ocr_carea' id='block_1_3' title="bbox 319 2385 1245 2724">
    <p class='ocr_par' dir='ltr' id='par_1_5' title="bbox 319 2385 1245 2724">
     <span class='ocr_line' id='line_1_24' title="bbox 364 2385 1245 2475; baseline -0.003 -29"><span class='ocrx_word' id='word_1_134' title='bbox 364 2399 464 2448; x_wconf 71' lang='lat' dir='ltr'><strong>cunr.</strong></span> <span class='ocrx_word' id='word_1_135' title='bbox 489 2393 638 2449; x_wconf 90' lang='lat' dir='ltr'><strong>Vtrumne</strong></span> <span class='ocrx_word' id='word_1_136' title='bbox 653 2386 767 2448; x_wconf 92' lang='lat' dir='ltr'><strong>doleam</strong></span> <span class='ocrx_word' id='word_1_137' title='bbox 783 2387 876 2449; x_wconf 89' lang='lat' dir='ltr'><strong>laeter</strong></span> <span class='ocrx_word' id='word_1_138' title='bbox 891 2408 928 2450; x_wconf 95' lang='lat' dir='ltr'><strong>an</strong></span> <span class='ocrx_word' id='word_1_139' title='bbox 944 2390 1085 2450; x_wconf 85' lang='lat' dir='ltr'><strong>reducem</strong></span> <span class='ocrx_word' id='word_1_140' title='bbox 1100 2386 1197 2449; x_wconf 79' lang='lat' dir='ltr'><strong>uirum?</strong></span> <span class='ocrx_word' id='word_1_141' title='bbox 1221 2385 1245 2475; x_wconf 71' lang='grc' dir='ltr'><strong>61Ι</strong></span> 
     </span>
     <span class='ocr_line' id='line_1_25' title="bbox 319 2471 972 2552; baseline 0.005 -20"><span class='ocrx_word' id='word_1_142' title='bbox 319 2491 469 2534; x_wconf 89' lang='lat' dir='ltr'><strong>remeasse</strong></span> <span class='ocrx_word' id='word_1_143' title='bbox 484 2473 593 2543; x_wconf 88' lang='lat' dir='ltr'><strong>laetor,</strong></span> <span class='ocrx_word' id='word_1_144' title='bbox 610 2471 722 2533; x_wconf 90' lang='lat' dir='ltr'><strong>uulnus</strong></span> <span class='ocrx_word' id='word_1_145' title='bbox 736 2479 766 2532; x_wconf 91' lang='lat' dir='ltr'><strong>at</strong></span> <span class='ocrx_word' id='word_1_146' title='bbox 780 2474 866 2549; x_wconf 83' lang='lat' dir='ltr'><strong>regni</strong></span> <span class='ocrx_word' id='word_1_147' title='bbox 881 2492 972 2552; x_wconf 83' lang='lat' dir='ltr'><strong>graue</strong></span> 
     </span>
     <span class='ocr_line' id='line_1_26' title="bbox 320 2557 936 2637; baseline 0.002 -20"><span class='ocrx_word' id='word_1_148' title='bbox 320 2558 423 2636; x_wconf 85' lang='lat' dir='ltr'><strong>lugere</strong></span> <span class='ocrx_word' id='word_1_149' title='bbox 438 2576 538 2637; x_wconf 87' lang='lat' dir='ltr'><strong>cogor.</strong></span> <span class='ocrx_word' id='word_1_150' title='bbox 569 2557 661 2619; x_wconf 92' lang='lat' dir='ltr'><strong>redde</strong></span> <span class='ocrx_word' id='word_1_151' title='bbox 676 2558 733 2618; x_wconf 91' lang='lat' dir='ltr'><strong>iam</strong></span> <span class='ocrx_word' id='word_1_152' title='bbox 751 2558 837 2636; x_wconf 74' lang='lat' dir='ltr'><strong>Grais</strong></span> <span class='ocrx_word' id='word_1_153' title='bbox 852 2568 936 2637; x_wconf 86' lang='lat' dir='ltr'><strong>pater</strong></span> 
     </span>
     <span class='ocr_line' id='line_1_27' title="bbox 320 2641 947 2724; baseline 0.002 -21"><span class='ocrx_word' id='word_1_154' title='bbox 320 2641 443 2705; x_wconf 88' lang='lat' dir='ltr'><strong>altisona</strong></span> <span class='ocrx_word' id='word_1_155' title='bbox 458 2645 593 2724; x_wconf 89' lang='lat' dir='ltr'><strong>quatiens</strong></span> <span class='ocrx_word' id='word_1_156' title='bbox 608 2659 701 2721; x_wconf 82' lang='lat' dir='ltr'><strong>regna</strong></span> <span class='ocrx_word' id='word_1_157' title='bbox 717 2642 850 2721; x_wconf 92' lang='lat' dir='ltr'><strong>placatos</strong></span> <span class='ocrx_word' id='word_1_158' title='bbox 865 2643 947 2704; x_wconf 91' lang='lat' dir='ltr'><strong>deos.</strong></span> 
     </span>
    </p>
   </div>
   <div class='ocr_carea' id='block_1_4' title="bbox 316 2925 1243 3748">
    <p class='ocr_par' dir='ltr' id='par_1_6' title="bbox 316 2925 1243 3748">
     <span class='ocr_line' id='line_1_28' title="bbox 388 2925 1209 2997; baseline -0.011 -13"><span class='ocrx_word' id='word_1_159' title='bbox 388 2935 438 2984; x_wconf 80' lang='lat'><strong>580</strong></span> <span class='ocrx_word' id='word_1_160' title='bbox 455 2933 609 2983; x_wconf 84' lang='lat' dir='ltr'><strong>uerticibus</strong></span> <span class='ocrx_word' id='word_1_161' title='bbox 628 2931 676 2996; x_wconf 82' lang='grc' dir='ltr'><strong>Εψ</strong></span> <span class='ocrx_word' id='word_1_162' title='bbox 695 2931 849 2981; x_wconf 87' lang='lat' dir='ltr'><strong>uorticibus</strong></span> <span class='ocrx_word' id='word_1_163' title='bbox 867 2932 892 2981; x_wconf 91' lang='lat' dir='ltr'><em>A</em></span> <span class='ocrx_word' id='word_1_164' title='bbox 916 2927 928 2996; x_wconf 86' lang='grc' dir='ltr'><strong>ΙΙ</strong></span> <span class='ocrx_word' id='word_1_165' title='bbox 951 2932 999 2982; x_wconf 77' lang='grc'><strong>581</strong></span> <span class='ocrx_word' id='word_1_166' title='bbox 1024 2925 1209 2997; x_wconf 76' lang='lat' dir='ltr'><strong>chopherensd</strong></span> 
     </span>
     <span class='ocr_line' id='line_1_29' title="bbox 320 2996 1210 3067; baseline -0.004 -17"><span class='ocrx_word' id='word_1_167' title='bbox 320 3001 482 3066; x_wconf 79' lang='lat' dir='ltr'><strong>Caphereus</strong></span> <span class='ocrx_word' id='word_1_168' title='bbox 500 3002 525 3051; x_wconf 97' lang='lat' dir='ltr'><em>A</em></span> <span class='ocrx_word' id='word_1_169' title='bbox 546 2996 559 3067; x_wconf 73' lang='lat' dir='ltr'><strong>[l</strong></span> <span class='ocrx_word' id='word_1_170' title='bbox 579 3001 628 3050; x_wconf 79' lang='lat'><strong>583</strong></span> <span class='ocrx_word' id='word_1_171' title='bbox 646 3015 710 3050; x_wconf 86' lang='lat' dir='ltr'><strong>arax</strong></span> <span class='ocrx_word' id='word_1_172' title='bbox 727 2999 753 3047; x_wconf 86' lang='lat' dir='ltr'><em>E</em></span> <span class='ocrx_word' id='word_1_173' title='bbox 769 2996 780 3065; x_wconf 74' lang='lat' dir='ltr'><strong>ll</strong></span> <span class='ocrx_word' id='word_1_174' title='bbox 801 3000 851 3050; x_wconf 83' lang='grc'><strong>586</strong></span> <span class='ocrx_word' id='word_1_175' title='bbox 868 2999 982 3049; x_wconf 88' lang='lat' dir='ltr'><strong>leninon</strong></span> <span class='ocrx_word' id='word_1_176' title='bbox 1000 3001 1026 3049; x_wconf 92' lang='grc' dir='ltr'><em>Ε</em></span> <span class='ocrx_word' id='word_1_177' title='bbox 1043 2997 1055 3066; x_wconf 85' lang='grc' dir='ltr'><strong>ΙΙ</strong></span> <span class='ocrx_word' id='word_1_178' title='bbox 1070 3000 1179 3051; x_wconf 90' lang='lat' dir='ltr'><strong>nobilem</strong></span> <span class='ocrx_word' id='word_1_179' title='bbox 1192 3000 1210 3042; x_wconf 82' lang='lat' dir='ltr'><strong>et</strong></span> 
     </span>
     <span class='ocr_line' id='line_1_30' title="bbox 321 3066 1209 3131; baseline -0.007 -11"><span class='ocrx_word' id='word_1_180' title='bbox 321 3069 493 3120; x_wconf 83' lang='lat' dir='ltr'><strong>calchedona</strong></span> <span class='ocrx_word' id='word_1_181' title='bbox 515 3069 540 3117; x_wconf 97' lang='grc' dir='ltr'><em>Ε</em></span> <span class='ocrx_word' id='word_1_182' title='bbox 569 3083 596 3116; x_wconf 88' lang='lat' dir='ltr'><strong>n.</strong></span> <span class='ocrx_word' id='word_1_183' title='bbox 615 3069 680 3118; x_wconf 87' lang='lat' dir='ltr'><strong>hinc</strong></span> <span class='ocrx_word' id='word_1_184' title='bbox 700 3066 892 3130; x_wconf 69' lang='lat' dir='ltr'><strong>calcedonam</strong></span> <span class='ocrx_word' id='word_1_185' title='bbox 922 3083 949 3121; x_wconf 88' lang='lat' dir='ltr'><strong>n.</strong></span> <span class='ocrx_word' id='word_1_186' title='bbox 973 3071 1002 3116; x_wconf 86' lang='lat' dir='ltr'><strong>et</strong></span> <span class='ocrx_word' id='word_1_187' title='bbox 1023 3068 1089 3118; x_wconf 89' lang='lat' dir='ltr'><strong>hinc</strong></span> <span class='ocrx_word' id='word_1_188' title='bbox 1110 3075 1132 3131; x_wconf 80' lang='grc' dir='ltr'><em>ψ</em></span> <span class='ocrx_word' id='word_1_189' title='bbox 1157 3066 1209 3116; x_wconf 79' lang='lat' dir='ltr'><strong>nel</strong></span> 
     </span>
     <span class='ocr_line' id='line_1_31' title="bbox 319 3134 1208 3202; baseline -0.01 -16"><span class='ocrx_word' id='word_1_190' title='bbox 319 3137 384 3186; x_wconf 88' lang='lat' dir='ltr'><strong>hinc</strong></span> <span class='ocrx_word' id='word_1_191' title='bbox 403 3136 553 3187; x_wconf 80' lang='lat' dir='ltr'><strong>Chalcida</strong></span> <span class='ocrx_word' id='word_1_192' title='bbox 571 3154 590 3186; x_wconf 80' lang='grc' dir='ltr'><strong>α</strong></span> <span class='ocrx_word' id='word_1_193' title='bbox 607 3152 634 3189; x_wconf 89' lang='lat' dir='ltr'><strong>n.</strong></span> <span class='ocrx_word' id='word_1_194' title='bbox 653 3136 718 3185; x_wconf 93' lang='lat' dir='ltr'><strong>hinc</strong></span> <span class='ocrx_word' id='word_1_195' title='bbox 738 3135 929 3185; x_wconf 82' lang='lat' dir='ltr'><strong>Chalcedona</strong></span> <span class='ocrx_word' id='word_1_196' title='bbox 946 3134 1208 3202; x_wconf 67' lang='lat' dir='ltr'><strong>medullatarum</strong></span> 
     </span>
     <span class='ocr_line' id='line_1_32' title="bbox 319 3200 1208 3269; baseline -0.006 -15"><span class='ocrx_word' id='word_1_197' title='bbox 319 3201 373 3269; x_wconf 76' lang='grc' dir='ltr'><strong>ΕΗ</strong></span> <span class='ocrx_word' id='word_1_198' title='bbox 390 3206 440 3255; x_wconf 85' lang='lat'><strong>590</strong></span> <span class='ocrx_word' id='word_1_199' title='bbox 459 3222 473 3254; x_wconf 88' lang='lat' dir='ltr'><strong>e</strong></span> <span class='ocrx_word' id='word_1_200' title='bbox 492 3219 596 3255; x_wconf 86' lang='lat' dir='ltr'><strong>summo</strong></span> <span class='ocrx_word' id='word_1_201' title='bbox 615 3205 653 3254; x_wconf 77' lang='lat' dir='ltr'><strong>eli</strong></span> <span class='ocrx_word' id='word_1_202' title='bbox 671 3220 705 3254; x_wconf 89' lang='lat' dir='ltr'><strong>ex</strong></span> <span class='ocrx_word' id='word_1_203' title='bbox 723 3219 745 3255; x_wconf 90' lang='lat' dir='ltr'><strong>s.</strong></span> <span class='ocrx_word' id='word_1_204' title='bbox 764 3205 789 3254; x_wconf 96' lang='lat' dir='ltr'><em>A</em></span> <span class='ocrx_word' id='word_1_205' title='bbox 806 3200 883 3269; x_wconf 68' lang='grc'><strong>11591</strong></span> <span class='ocrx_word' id='word_1_206' title='bbox 902 3203 981 3252; x_wconf 86' lang='lat' dir='ltr'><strong>ducit</strong></span> <span class='ocrx_word' id='word_1_207' title='bbox 1000 3204 1039 3254; x_wconf 90' lang='grc' dir='ltr'><strong>εΑ</strong></span> <span class='ocrx_word' id='word_1_208' title='bbox 1063 3205 1136 3253; x_wconf 86' lang='lat' dir='ltr'><strong>duxit</strong></span> <span class='ocrx_word' id='word_1_209' title='bbox 1152 3202 1208 3251; x_wconf 80' lang='lat' dir='ltr'><strong>droa.</strong></span> 
     </span>
     <span class='ocr_line' id='line_1_33' title="bbox 319 3267 1209 3339; baseline -0.009 -17"><span class='ocrx_word' id='word_1_210' title='bbox 319 3273 360 3324; x_wconf 83' lang='lat' dir='ltr'><strong>ed.</strong></span> <span class='ocrx_word' id='word_1_211' title='bbox 373 3275 446 3323; x_wconf 82' lang='grc'><strong>1661.</strong></span> <span class='ocrx_word' id='word_1_212' title='bbox 458 3269 469 3338; x_wconf 81' lang='grc' dir='ltr'>Η</span> <span class='ocrx_word' id='word_1_213' title='bbox 482 3275 531 3323; x_wconf 79' lang='grc'><strong>597</strong></span> <span class='ocrx_word' id='word_1_214' title='bbox 550 3273 586 3322; x_wconf 85' lang='lat' dir='ltr'><strong>Et</strong></span> <span class='ocrx_word' id='word_1_215' title='bbox 603 3273 693 3322; x_wconf 83' lang='lat' dir='ltr'><strong>maria</strong></span> <span class='ocrx_word' id='word_1_216' title='bbox 710 3271 818 3322; x_wconf 82' lang='lat' dir='ltr'><strong>molunt</strong></span> <span class='ocrx_word' id='word_1_217' title='bbox 835 3272 860 3321; x_wconf 96' lang='grc' dir='ltr'><em>Ε</em></span> <span class='ocrx_word' id='word_1_218' title='bbox 872 3272 948 3321; x_wconf 85' lang='lat' dir='ltr'><strong>IPcl.</strong></span> <span class='ocrx_word' id='word_1_219' title='bbox 966 3271 1128 3337; x_wconf 85' lang='lat' dir='ltr'><strong>Maluntque</strong></span> <span class='ocrx_word' id='word_1_220' title='bbox 1143 3267 1209 3339; x_wconf 75' lang='lat' dir='ltr'><strong>morit</strong></span> 
     </span>
     <span class='ocr_line' id='line_1_34' title="bbox 319 3338 1207 3405; baseline -0.001 -15"><span class='ocrx_word' id='word_1_221' title='bbox 319 3340 360 3390; x_wconf 73' lang='lat' dir='ltr'><strong>M]</strong></span> <span class='ocrx_word' id='word_1_222' title='bbox 371 3339 447 3390; x_wconf 84' lang='grc' dir='ltr'><strong>1Ραί.</strong></span> <span class='ocrx_word' id='word_1_223' title='bbox 462 3340 541 3391; x_wconf 82' lang='lat' dir='ltr'><strong>(irtel.</strong></span> <span class='ocrx_word' id='word_1_224' title='bbox 561 3339 717 3405; x_wconf 89' lang='lat' dir='ltr'><strong>Voluntque</strong></span> <span class='ocrx_word' id='word_1_225' title='bbox 735 3342 823 3390; x_wconf 83' lang='lat' dir='ltr'><strong>meria</strong></span> <span class='ocrx_word' id='word_1_226' title='bbox 841 3342 866 3391; x_wconf 92' lang='lat' dir='ltr'><em>A</em></span> <span class='ocrx_word' id='word_1_227' title='bbox 884 3339 1063 3404; x_wconf 87' lang='lat' dir='ltr'><strong>Voluuntqne</strong></span> <span class='ocrx_word' id='word_1_228' title='bbox 1075 3341 1186 3396; x_wconf 73' lang='lat' dir='ltr'><strong>marica</strong></span> <span class='ocrx_word' id='word_1_229' title='bbox 1199 3338 1207 3389; x_wconf 81' lang='lat' dir='ltr'><strong>i</strong></span> 
     </span>
     <span class='ocr_line' id='line_1_35' title="bbox 320 3400 1209 3475; baseline -0.006 -17"><span class='ocrx_word' id='word_1_230' title='bbox 320 3406 424 3458; x_wconf 83' lang='lat' dir='ltr'><strong>cecidit</strong></span> <span class='ocrx_word' id='word_1_231' title='bbox 441 3409 490 3473; x_wconf 78' lang='grc' dir='ltr'><strong>Εψ</strong></span> <span class='ocrx_word' id='word_1_232' title='bbox 515 3408 590 3458; x_wconf 85' lang='lat' dir='ltr'><strong>cedit</strong></span> <span class='ocrx_word' id='word_1_233' title='bbox 607 3410 633 3459; x_wconf 94' lang='lat' dir='ltr'><em>A</em></span> <span class='ocrx_word' id='word_1_234' title='bbox 648 3405 662 3475; x_wconf 77' lang='lat' dir='ltr'>H</span> <span class='ocrx_word' id='word_1_235' title='bbox 677 3411 707 3457; x_wconf 91' lang='lat' dir='ltr'><strong>in</strong></span> <span class='ocrx_word' id='word_1_236' title='bbox 724 3408 815 3457; x_wconf 88' lang='lat' dir='ltr'><strong>lucem</strong></span> <span class='ocrx_word' id='word_1_237' title='bbox 833 3409 883 3473; x_wconf 83' lang='grc' dir='ltr'><strong>Εψ</strong></span> <span class='ocrx_word' id='word_1_238' title='bbox 906 3409 934 3456; x_wconf 90' lang='lat' dir='ltr'><strong>in</strong></span> <span class='ocrx_word' id='word_1_239' title='bbox 952 3408 1057 3458; x_wconf 87' lang='lat' dir='ltr'><strong>luctum</strong></span> <span class='ocrx_word' id='word_1_240' title='bbox 1075 3425 1094 3459; x_wconf 83' lang='lat' dir='ltr'><strong>ot</strong></span> <span class='ocrx_word' id='word_1_241' title='bbox 1109 3404 1121 3474; x_wconf 86' lang='grc' dir='ltr'><strong>ΙΙ</strong></span> <span class='ocrx_word' id='word_1_242' title='bbox 1134 3404 1176 3457; x_wconf 75' lang='grc'><strong>598</strong></span> <span class='ocrx_word' id='word_1_243' title='bbox 1188 3400 1209 3449; x_wconf 86' lang='lat' dir='ltr'><strong>P·</strong></span> 
     </span>
     <span class='ocr_line' id='line_1_36' title="bbox 318 3470 1243 3539; baseline -0.012 -13"><span class='ocrx_word' id='word_1_244' title='bbox 318 3475 336 3529; x_wconf 93' lang='lat' dir='ltr'><strong>l.</strong></span> <span class='ocrx_word' id='word_1_245' title='bbox 362 3479 405 3526; x_wconf 83' lang='lat' dir='ltr'><strong>est</strong></span> <span class='ocrx_word' id='word_1_246' title='bbox 427 3475 476 3526; x_wconf 90' lang='lat' dir='ltr'><strong>illo</strong></span> <span class='ocrx_word' id='word_1_247' title='bbox 498 3476 622 3539; x_wconf 85' lang='lat' dir='ltr'><strong>phoebus</strong></span> <span class='ocrx_word' id='word_1_248' title='bbox 646 3475 719 3526; x_wconf 87' lang='lat' dir='ltr'><strong>redit</strong></span> <span class='ocrx_word' id='word_1_249' title='bbox 736 3476 762 3524; x_wconf 92' lang='grc' dir='ltr'><em>Ε</em></span> <span class='ocrx_word' id='word_1_250' title='bbox 791 3477 853 3527; x_wconf 85' lang='grc' dir='ltr'><strong>ΙΙίο</strong></span> <span class='ocrx_word' id='word_1_251' title='bbox 877 3477 955 3527; x_wconf 82' lang='lat' dir='ltr'><strong>Gran.</strong></span> <span class='ocrx_word' id='word_1_252' title='bbox 990 3476 1080 3527; x_wconf 87' lang='lat' dir='ltr'><strong>illico</strong></span> <span class='ocrx_word' id='word_1_253' title='bbox 1103 3470 1208 3524; x_wconf 77' lang='lat' dir='ltr'><strong>Beorelim</strong></span> <span class='ocrx_word' id='word_1_254' title='bbox 1242 3526 1243 3531; x_wconf 12' lang='lat'>¹</span> 
     </span>
     <span class='ocr_line' id='line_1_37' title="bbox 317 3537 1207 3612; baseline -0.01 -19"><span class='ocrx_word' id='word_1_255' title='bbox 317 3544 347 3596; x_wconf 90' lang='lat' dir='ltr'><strong>P.</strong></span> <span class='ocrx_word' id='word_1_256' title='bbox 367 3543 386 3594; x_wconf 93' lang='lat' dir='ltr'><strong>l.</strong></span> <span class='ocrx_word' id='word_1_257' title='bbox 406 3549 457 3604; x_wconf 86' lang='lat' dir='ltr'><strong>est,</strong></span> <span class='ocrx_word' id='word_1_258' title='bbox 477 3543 607 3594; x_wconf 90' lang='lat' dir='ltr'><strong>Phoebus</strong></span> <span class='ocrx_word' id='word_1_259' title='bbox 624 3545 652 3594; x_wconf 90' lang='lat' dir='ltr'><strong>in</strong></span> <span class='ocrx_word' id='word_1_260' title='bbox 671 3543 761 3592; x_wconf 88' lang='lat' dir='ltr'><strong>lucem</strong></span> <span class='ocrx_word' id='word_1_261' title='bbox 779 3545 850 3594; x_wconf 83' lang='lat' dir='ltr'><strong>redit</strong></span> <span class='ocrx_word' id='word_1_262' title='bbox 867 3547 892 3596; x_wconf 92' lang='lat' dir='ltr'><em>A</em></span> <span class='ocrx_word' id='word_1_263' title='bbox 905 3541 916 3612; x_wconf 84' lang='grc' dir='ltr'><strong>ΙΙ</strong></span> <span class='ocrx_word' id='word_1_264' title='bbox 929 3546 978 3596; x_wconf 94' lang='grc'><strong>600</strong></span> <span class='ocrx_word' id='word_1_265' title='bbox 995 3544 1102 3594; x_wconf 83' lang='lat' dir='ltr'><strong>doleam</strong></span> <span class='ocrx_word' id='word_1_266' title='bbox 1120 3557 1152 3592; x_wconf 84' lang='lat' dir='ltr'><strong>cn</strong></span> <span class='ocrx_word' id='word_1_267' title='bbox 1166 3537 1207 3586; x_wconf 79' lang='lat' dir='ltr'><strong>lac·</strong></span> 
     </span>
     <span class='ocr_line' id='line_1_38' title="bbox 317 3604 1207 3680; baseline -0.003 -19"><span class='ocrx_word' id='word_1_268' title='bbox 317 3615 396 3662; x_wconf 85' lang='lat' dir='ltr'><strong>taere</strong></span> <span class='ocrx_word' id='word_1_269' title='bbox 420 3611 476 3663; x_wconf 85' lang='lat' dir='ltr'><strong>red.</strong></span> <span class='ocrx_word' id='word_1_270' title='bbox 499 3626 526 3662; x_wconf 90' lang='lat' dir='ltr'><strong>u.</strong></span> <span class='ocrx_word' id='word_1_271' title='bbox 551 3611 576 3660; x_wconf 91' lang='grc' dir='ltr'><em>Ε</em></span> <span class='ocrx_word' id='word_1_272' title='bbox 606 3613 631 3662; x_wconf 93' lang='lat' dir='ltr'><strong>d.</strong></span> <span class='ocrx_word' id='word_1_273' title='bbox 656 3612 748 3662; x_wconf 85' lang='lat' dir='ltr'><strong>laeter</strong></span> <span class='ocrx_word' id='word_1_274' title='bbox 771 3627 806 3660; x_wconf 82' lang='lat' dir='ltr'><strong>on</strong></span> <span class='ocrx_word' id='word_1_275' title='bbox 829 3628 851 3662; x_wconf 87' lang='lat' dir='ltr'><strong>r.</strong></span> <span class='ocrx_word' id='word_1_276' title='bbox 877 3629 903 3664; x_wconf 89' lang='lat' dir='ltr'><strong>u.</strong></span> <span class='ocrx_word' id='word_1_277' title='bbox 921 3614 946 3663; x_wconf 91' lang='lat' dir='ltr'><em>A</em></span> <span class='ocrx_word' id='word_1_278' title='bbox 976 3609 988 3680; x_wconf 79' lang='grc' dir='ltr'><strong>ΙΙ</strong></span> <span class='ocrx_word' id='word_1_279' title='bbox 1017 3614 1065 3664; x_wconf 88' lang='grc'><strong>601</strong></span> <span class='ocrx_word' id='word_1_280' title='bbox 1083 3604 1207 3663; x_wconf 72' lang='lat' dir='ltr'><strong>lactaret</strong></span> 
     </span>
     <span class='ocr_line' id='line_1_39' title="bbox 316 3676 1064 3748; baseline 0.004 -19"><span class='ocrx_word' id='word_1_281' title='bbox 316 3679 388 3729; x_wconf 81' lang='lat' dir='ltr'><strong>letor</strong></span> <span class='ocrx_word' id='word_1_282' title='bbox 404 3689 427 3742; x_wconf 81' lang='grc' dir='ltr'><strong>ψ</strong></span> <span class='ocrx_word' id='word_1_283' title='bbox 444 3676 455 3746; x_wconf 80' lang='lat' dir='ltr'><strong>[l</strong></span> <span class='ocrx_word' id='word_1_284' title='bbox 473 3683 501 3728; x_wconf 87' lang='lat' dir='ltr'><strong>et</strong></span> <span class='ocrx_word' id='word_1_285' title='bbox 519 3679 545 3728; x_wconf 91' lang='grc' dir='ltr'><em>Ε</em></span> <span class='ocrx_word' id='word_1_286' title='bbox 564 3677 720 3746; x_wconf 75' lang='lat' dir='ltr'><strong>atA11602</strong></span> <span class='ocrx_word' id='word_1_287' title='bbox 738 3681 814 3744; x_wconf 76' lang='lat' dir='ltr'><strong>grais</strong></span> <span class='ocrx_word' id='word_1_288' title='bbox 832 3681 883 3730; x_wconf 83' lang='grc' dir='ltr'><strong>ΕΑ</strong></span> <span class='ocrx_word' id='word_1_289' title='bbox 902 3681 1029 3746; x_wconf 72' lang='lat' dir='ltr'><strong>gnaijsur</strong></span> <span class='ocrx_word' id='word_1_290' title='bbox 1052 3678 1064 3748; x_wconf 80' lang='lat' dir='ltr'><strong>ll</strong></span> 
     </span>
    </p>
   </div>
   <div class='ocr_carea' id='block_1_5' title="bbox 0 0 1380 4250">
    <p class='ocr_par' dir='ltr' id='par_1_7' title="bbox 0 0 1380 4250">
     <span class='ocr_line' id='line_1_40' title="bbox 0 0 1380 4250; baseline 0 2"><span class='ocrx_word' id='word_1_291' title='bbox 0 0 1380 4250; x_wconf 95' lang='lat' dir='ltr'><strong> </strong></span> 
     </span>
    </p>
   </div>
  </div>
 </body>
</html>
