2750 4250
269 269 312 334 88
551 282 905 334 u.uurru1euurcrr

264 425 328 487 sibi
339 427 404 505 ipse
418 426 527 487 Titan
543 425 665 487 obuium
681 425 792 487 ducens
807 426 865 486 iter

271 510 463 592 tenebrisque
477 511 593 573 facinus
607 510 716 573 obruat
730 517 839 571 tetrum
856 510 943 570 nouis

271 615 332 658 uox
347 597 436 658 missa
452 595 489 658 ab
505 603 574 659 ortu
590 606 727 674 tempore
743 595 837 656 alieno
853 595 969 673 grauis:

271 691 371 744 tamen
385 681 546 743 uidendum
563 689 624 750 est,
645 690 725 742 tota
746 680 933 759 pateiiaut
953 677 1054 740 mala.

653 875 789 946 cuorus

448 1037 522 1107 Quo
538 1046 685 1098 terrarum
702 1053 903 1116 superumque
918 1050 1037 1114 parens,

401 1125 487 1184 euius
502 1122 539 1182 ad
554 1131 637 1182 ortus
651 1125 748 1182 noetis
763 1139 874 1200 opacae
939 1129 945 1139 '

401 1206 491 1268 decus
507 1225 595 1268 omne
610 1208 700 1285 fugit,
718 1224 786 1285 quo
802 1206 895 1266 uertis
910 1207 966 1265 iter-

401 1291 560 1370 medioque
575 1291 652 1352 diem
668 1292 769 1370 perdis
785 1289 929 1369 Olympo?

446 1460 613 1522 Nondum
628 1478 714 1521 serae
730 1461 850 1520 nuntius
866 1461 958 1520 horae

402 1555 545 1607 nocturna
559 1555 648 1606 uocat
661 1544 772 1605 lumina
789 1545 915 1623 Vesper,

400 1631 561 1692 noudum
577 1629 732 1708 hesperiae
746 1628 861 1690 flexura
877 1636 961 1690 rotae

400 1714 485 1776 iubet
500 1715 639 1777 emeritos
654 1713 773 1774 soluere
788 1731 909 1775 currus:

402 1800 563 1860 nondum
578 1803 610 1859 in
626 1806 745 1860 noctem
762 1808 905 1877 uergente
921 1798 969 1860 die

402 1885 488 1944 tertia
504 1886 583 1944 misit
590 1884 706 1944 bucina
722 1885 848 1962 signum,

402 1976 500 2046 stupet
515 1970 551 2029 ad
567 1967 681 2029 subitae
698 1977 831 2046 tempora
847 1985 939 2028 cenae

402 2053 563 2114 nondum
579 2054 665 2114 sessis
679 2052 776 2114 bubus
792 2060 900 2113 arator.

829 2150 839 2171 Ι

446 2224 506 2287 Cur
519 2222 640 2283 Phoebe
654 2229 721 2283 tuos
735 2223 816 2302 rapis
831 2222 1007 2299 adspectus?

404 2308 490 2386 quid
504 2318 534 2369 te
548 2308 681 2369 aetherio
696 2306 810 2388 pepulit
825 2309 931 2369 eursu?

404 2412 497 2472 quae
517 2410 605 2453 eausa
619 2401 687 2453 tuos

404 2477 495 2538 limite
510 2486 595 2539 certo
610 2477 718 2538 deiecit
732 2477 844 2557 equos?

446 2647 632 2728 Numquid
648 2653 752 2726 aperto
768 2664 888 2709 carcere
903 2645 979 2707 Ditis

373 2797 376 2801 ,
405 2735 475 2793 uicti
489 2740 635 2813 temptant
649 2729 727 2791 bella
742 2732 893 2811 gigantes?

406 2817 584 2895 numquid
599 2815 701 2895 Tityos
716 2826 837 2894 pectore
853 2817 931 2877 fesso

405 2912 530 2962 renouat
545 2908 663 2963 ueteres
678 2904 795 2963 saueius
810 2902 890 2961 iras?
1205 2940 1228 2991 09

405 3004 476 3045 mrm
492 2988 603 3048 reiecto
620 2985 716 3065 [tatus
730 2984 893 3065 explicuit]
910 2972 1178 3062 monteTyphoeust
1192 2946 1228 3061 ξω
1264 3018 1266 3025 ,

406 3071 584 3150 numquid
606 3071 730 3131 struitur
750 3074 796 3131 uia
812 3070 989 3150 phlegraeos

350 3356 399 3405 788
421 3360 488 3406 nota
505 3356 531 3407 E
559 3361 619 3406 tote
637 3356 662 3404 A
698 3351 709 3421 ΙΙ
752 3358 887 3421 patefient
904 3360 929 3409 Α
959 3346 1136 3421 patefiantE

281 3420 426 3473 CHORVS
444 3423 495 3474 EA
528 3420 542 3490 [l
575 3424 625 3473 789
643 3427 742 3487 potens
760 3428 886 3481 ci.NHe,
915 3424 926 3493 Η
961 3424 1009 3473 791
1028 3411 1144 3469 cecusE

276 3492 331 3553 393
353 3497 413 3552 post
429 3508 454 3541 u.
472 3492 521 3542 801
539 3492 673 3543 coltocauit
691 3490 754 3539 lep.
829 3498 880 3547 298
907 3496 936 3545 iu
954 3478 1136 3541 nocentemE
1161 3488 1165 3538 Ι
1265 3494 1266 3506 ’

280 3556 331 3607 809
359 3557 435 3609 latus
460 3559 594 3625 explicuit
615 3560 665 3608 dei.
688 3557 753 3607 R.P.
790 3496 796 3625 ἐ
