2750 4250
426 343 609 391 nancvuus
627 331 814 413 [excusus]
1018 330 1078 394 381

170 488 307 547 moritura
323 492 404 545 certe
421 500 549 562 corpure
566 482 726 561 amplectar
742 502 819 544 meu

171 574 211 631 ire
227 573 269 631 ire
283 570 317 630 ad
333 569 456 629 umbras
472 567 607 629 Herculis
623 577 746 645 nuptam
762 568 834 628 libet

171 656 220 715 sed
237 673 292 715 nun
307 653 440 715 inultam.
472 656 495 713 si
512 654 581 733 quid
599 672 614 711 e
631 660 734 713 nostru
748 652 876 715 Hercule

170 741 301 816 concepit
314 737 388 799 lule:
414 738 551 799 manibus
566 736 692 799 auellam
709 740 783 797 meis

171 832 236 883 ante
252 832 278 884 et
291 841 345 901 per
359 825 441 901 ipsas
456 822 599 901 paelicem
615 822 753 883 inuadam
771 822 858 883 iaces.

170 927 215 968 me
232 908 351 986 nuptiali
366 908 517 968 uictimam
533 908 621 969 leriat
635 907 682 967 die

171 993 302 1062 inlestus,
320 991 402 1052 Iolen
419 992 488 1053 darm
505 1010 594 1071 supra
612 993 777 1053 exanimem
795 1009 889 1052 ruam

171 1076 236 1137 felix
251 1078 338 1145 iacet,
356 1078 551 1156 quicumque,
568 1095 642 1154 quus
658 1076 735 1146 odit,
752 1077 869 1153 premit.

172 1176 267 1221 uvcn.
283 1162 351 1241 quid
368 1164 431 1239 ipsa
446 1160 581 1223 flammas
596 1162 693 1239 pascis
705 1170 738 1223 et
752 1170 868 1223 uastum
885 1161 968 1221 leues

171 1246 244 1305 ultru
259 1246 391 1307 delerem
407 1246 534 1328 misera?
555 1246 625 1323 quid
643 1263 759 1307 cassum
774 1247 878 1307 timesi

172 1328 268 1391 dilexit
282 1329 362 1391 lolen
379 1349 501 1409 nempe,
520 1348 587 1391 cum
603 1339 697 1392 staret
711 1348 819 1409 pareus

171 1416 302 1493 regisque
318 1424 415 1475 natam
432 1423 556 1494 peteret.
588 1434 624 1475 eu
641 1415 768 1477 lamulae
782 1421 815 1477 ia
830 1414 927 1477 lucum

171 1502 267 1576 regina
284 1500 402 1560 cecidit:
427 1501 556 1577 perdidit
571 1502 651 1561 uires
666 1505 764 1561 amur

172 1583 306 1665 ulcusque
322 1584 358 1647 alr
374 1584 423 1645 illu
439 1586 528 1646 traxit
543 1584 644 1645 infelix
659 1592 747 1647 statu.

171 1668 275 1730 inlicita
291 1676 440 1739 amantur,
459 1670 567 1730 excidit
582 1668 721 1748 quicquid
737 1668 815 1729 licet.

173 1767 286 1814 uerum.
306 1755 423 1814 lurtuna
438 1756 671 1831 amorem-peior
686 1754 850 1815 inllammat
865 1754 966 1831 magis.

173 1848 247 1898 amat
262 1838 307 1899 uel
323 1841 437 1915 ipsum,
454 1840 531 1917 quud
549 1847 631 1899 caret
646 1840 742 1917 patrio
757 1839 833 1908 lare,

174 1923 246 1997 quud
263 1922 359 1983 nudus
375 1940 447 1982 auro
463 1925 552 1983 crinis
568 1932 727 2001 eigamma
743 1925 834 1993 iacet,

174 2007 248 2083 ipsas
262 2008 432 2067 misericors
448 2008 546 2067 lursan
564 2026 723 2069 aerumnas
737 2018 823 2069 amat.

172 2104 268 2152 uvae.
284 2092 342 2153 huc
357 2094 496 2154 usitatum
513 2100 558 2154 est
572 2092 709 2164 Herculi,
726 2101 827 2172 captas
843 2101 930 2154 acuat.

174 2175 273 2236 dilecta
287 2178 397 2237 Priami
413 2196 520 2256 nempe
536 2178 669 2238 dardanii
685 2195 771 2238 surur

173 2278 305 2322 concessa
320 2261 430 2323 lamule
447 2271 499 2323 est.
531 2261 614 2323 adice
628 2269 702 2341 quot
716 2270 823 2341 nuptas
838 2263 920 2342 prius

175 2353 240 2421 quut
254 2349 383 2425 uirgines
399 2345 514 2408 dilexit:
540 2349 652 2408 errauit
666 2365 769 2424 uagus.

175 2431 282 2490 arcadia
299 2449 406 2509 nempe
422 2431 507 2507 uirga
523 2431 664 2508 palladius
680 2431 789 2494 choros

234 2684 282 2732 347
294 2683 417 2733 herculis
429 2683 454 2732 Ε
466 2684 581 2734 Herculi
594 2684 660 2734 ΑΜ]
672 2681 683 2750 Η
696 2688 810 2748 nuptam
823 2681 950 2744 (nubtam
962 2691 980 2735 t.
994 2682 1083 2743 Grau.)

176 2746 347 2814 EBacilmp.
366 2751 490 2801 iunctam
508 2760 532 2814 ap
550 2751 652 2801 uictam
672 2753 698 2801 A
728 2749 741 2816 ΙΙ
768 2754 818 2802 348
837 2769 852 2802 e
870 2757 964 2802 nostro
983 2753 1031 2814 ep?
1050 2765 1084 2799 ex

176 2821 260 2866 nostro
277 2819 302 2867 A
315 2815 326 2883 ΙΙ
343 2820 392 2869 343
412 2818 531 2868 anellum
550 2819 575 2867 E
593 2821 659 2869 ‘alit’
679 2827 696 2869 t.
718 2821 874 2871 Commeliao.
894 2819 1013 2868 euellam
1032 2818 1057 2867 A
1081 2820 1084 2881 l

177 2883 219 2932 355
240 2900 333 2934 cusum
356 2903 378 2936 ω
410 2901 528 2935 cassum
553 2889 611 2938 edd.
635 2888 750 2936 Venetae
773 2895 798 2937 et
815 2887 926 2950 Herdip.
944 2887 1057 2950 Lipsius.
1082 2886 1084 2950 i

177 2951 219 2999 356
237 2967 296 3002 cum
315 2956 404 3003 staret
421 2969 522 3018 parens
540 2954 565 3002 Ε
594 2954 657 3004 dum
676 2954 876 3004 starentlaree
893 2958 918 3004 A
945 2950 960 3020 ss
987 2955 1036 3004 357
1055 2955 1083 3003 in

176 3017 287 3070 famulae
306 3022 331 3070 A
357 3022 428 3071 enim
448 3022 513 3071 fam.
533 3021 559 3069 E
584 3037 622 3070 en
641 3022 763 3072 famulae
781 3022 815 3071 in
834 3021 925 3072 locum
942 3023 1044 3085 scripsi.
1067 3018 1079 3088 ll

177 3085 218 3134 353
234 3087 405 3152 Vulcumque
423 3093 464 3138 uei
481 3087 649 3152 vultumque
667 3090 693 3138 Ε
703 3105 720 3152 p
732 3086 743 3155 Η
761 3091 797 3140 ab
815 3090 865 3140 illo
883 3107 904 3140 ω
916 3087 928 3156 ΙΙ
940 3094 1031 3139 status
1044 3093 1084 3141 εΑ

177 3156 244 3203 statu
265 3157 373 3206 ltrorr
408 3152 420 3221 ΙΙ
453 3156 618 3221 Vultumque
648 3157 768 3208 anilem
795 3162 816 3207 5.
843 3159 862 3206 i.
891 3162 980 3208 status
1006 3157 1083 3208 Grau,

177 3225 232 3273 roal.
250 3240 273 3274 a.
291 3225 350 3274 337.
380 3223 554 3287 Multumque
579 3225 614 3274 ab
638 3223 693 3274 ille
711 3227 839 3290 carpsit
861 3227 879 3276 i.
901 3230 991 3276 status
1009 3226 1084 3278 NHa.

178 3284 345 3355 Vulnusque
368 3294 410 3340 uel
438 3292 586 3356 Vlcusque
616 3293 650 3342 ab
674 3291 723 3342 illo
747 3299 767 3344 5.
790 3294 810 3346 i.
835 3298 926 3344 status
948 3295 1085 3346 LMueller

179 3352 336 3422 Gallumque
362 3359 397 3408 ab
416 3358 471 3408 illa
493 3365 513 3410 t.
534 3362 552 3409 i.
572 3363 661 3410 status
683 3377 730 3424 epo
749 3370 826 3412 antea
844 3368 869 3412 et
889 3363 942 3412 Gli.
973 3363 1084 3414 Vlcus-

180 3435 222 3483 que
239 3426 273 3476 ab
291 3425 339 3474 illo
357 3430 377 3475 5.
396 3429 414 3476 i.
433 3431 515 3477 statu
531 3429 633 3492 scripsi.
655 3425 666 3494 ΙΙ
690 3431 739 3480 362
757 3430 847 3494 ipsum
866 3434 925 3495 ep?
937 3431 978 3480 ΛΕ
995 3431 1084 3495 ipsum

180 3489 200 3537 Α
219 3488 229 3556 ll
251 3494 300 3544 365
317 3509 363 3544 om.
383 3497 432 3544 aed
447 3497 473 3544 in
491 3511 538 3559 rap.
559 3498 645 3549 adeor.
664 3513 695 3547 ra.
719 3514 770 3548 aec.
789 3502 831 3548 aei
848 3501 934 3551 tertia.
952 3499 978 3548 E
1000 3495 1013 3564 ss
1035 3499 1085 3549 366

181 3557 267 3616 priami
285 3562 349 3612 εΕΑ
368 3563 474 3627 priamo
493 3567 534 3614 uel
551 3564 638 3628 primo
656 3562 704 3631 ψΙΙ
717 3565 833 3616 dardani
849 3566 876 3615 Ε
887 3563 898 3631 ΙΙ
911 3569 960 3618 367
978 3567 1085 3616 famula

181 3621 219 3687 Εψ
236 3627 335 3680 famulo
355 3632 380 3678 A
404 3627 416 3694 Η
