2750 4250
282 317 347 383 308
564 331 596 382 n.
613 327 923 382 annaursnuneau

248 470 826 552 §Qmffifflfflmm

282 564 399 622 uiscera
415 561 491 628 leto,

283 645 388 708 dedit
403 652 433 706 et
449 644 552 705 decuit
568 674 709 690 ·····
729 677 765 687 -

284 730 416 792 condere
430 731 512 790 uires
527 737 591 789 arte
605 727 867 790 Prometheus.

250 814 271 872 Γ
326 815 437 876 Dedit
452 823 482 876 et
495 813 577 876 tenui
593 810 707 874 sullure
722 818 817 874 tectos

283 899 584 978 Mulciberigues,

233 997 239 1004 '
285 996 314 1047 et
328 986 442 1046 uiuacis
457 983 575 1063 fulgura
590 982 728 1044 flammae
769 1021 778 1038 .

284 1071 321 1132 de
337 1077 463 1148 cognato
478 1067 665 1130 Phaethonte
679 1067 748 1139 tuli,

251 1155 283 1214 e''
326 1152 601 1215 Habeullauunas

284 1245 350 1300 usto
367 1241 444 1301 tauri
458 1246 581 1316 giitture
595 1245 711 1316 raptas,

284 1322 402 1385 haheo
417 1323 532 1385 mediae
547 1323 625 1383 duna
641 1322 816 1386 Chimaerae
864 1381 868 1388 .

285 1427 360 1488 quae
374 1409 522 1490 permixto
538 1407 606 1469 felle
621 1407 761 1470 Medusae

285 1494 407 1554 tacitum
422 1495 492 1556 iussi
507 1511 631 1554 seruare
646 1491 766 1554 malum.

251 1579 278 1639 b'
330 1579 412 1640 nude
428 1580 552 1639 uenenis

285 1665 420 1726 stimules
435 1664 576 1724 lleeate
592 1662 737 1742 donisque
752 1663 826 1723 meis

286 1750 399 1810 semina
414 1749 551 1808 llauunae
568 1749 685 1808 condita
701 1767 788 1808 serua

286 1832 389 1894 lallant
404 1836 486 1895 uisus
501 1840 657 1911 tactusque
674 1832 770 1894 lerant

286 1926 365 1980 lueet
378 1920 410 1979 in
425 1925 529 1996 peetus
545 1930 697 1996 uenasque
713 1918 807 1986 calor,

253 2002 278 2062 α’
331 2002 447 2063 stillent
462 2012 544 2065 artus
560 2021 685 2082 ossaque
701 2004 816 2065 luineut

286 2088 443 2168 uincaique
460 2105 529 2150 suas

286 2173 431 2254 flagrante
448 2193 532 2234 cenna
548 2191 625 2235 noua
642 2180 732 2254 nupta
749 2176 838 2236 faces.

286 2266 356 2319 uota
372 2265 529 2335 tenentum
554 2265 599 2319 ter
613 2258 737 2339 latratus

287 2343 380 2405 audax
397 2344 447 2404 lle
458 2352 538 2404 cate
554 2343 635 2404 dedit
650 2350 679 2403 et
694 2360 796 2404 saeros

287 2428 378 2490 edidit
392 2429 477 2507 ignes
493 2430 557 2489 lace
572 2427 718 2489 luetilera.

330 2599 453 2661 Peracta
470 2599 515 2657 uis
531 2606 576 2660 est
590 2600 701 2659 omnis:
724 2598 784 2659 huc
800 2606 903 2678 gnatos
916 2618 1011 2670 unca,

287 2679 419 2763 pretiosa
434 2700 489 2763 per
506 2701 580 2763 quos
596 2683 671 2745 duna
687 2683 812 2745 nubenti
828 2685 916 2747 ieras.

287 2771 329 2830 ite
344 2770 384 2831 ite
399 2770 459 2830 nati
474 2771 576 2830 matris
592 2769 737 2830 infaustae
753 2787 848 2847 genus

287 2854 403 2934 placate
419 2853 508 2915 uehis
522 2872 648 2916 munere
663 2862 692 2915 et
706 2854 799 2915 multa
814 2874 904 2935 prece

288 2940 439 3001 dominam
455 2958 490 3001 ae
504 2957 675 3001 nouercam.
706 2939 805 3001 uadite
821 2948 850 3001 et
866 2941 978 3002 celeres
994 2940 1116 3001 domum

288 3025 398 3087 relerte
413 3042 550 3103 gressus:
575 3024 680 3085 ultimo
696 3024 834 3105 amplexu
850 3034 882 3087 ut
897 3026 987 3087 leuas.

288 3230 488 3240 M

356 3366 406 3416 829
426 3369 513 3415 artem
532 3366 558 3415 Α
577 3369 637 3415 erte
656 3365 682 3413 E
711 3361 722 3429 ΙΙ
751 3365 801 3416 830
820 3369 850 3415 et
867 3366 959 3416 tenuit
975 3367 1001 3417 Α
1020 3370 1048 3417 et
1066 3365 1141 3417 tenui
1157 3375 1169 3413 ε
1185 3360 1194 3421 ll

288 3436 339 3486 835
356 3433 447 3485 habeo
466 3432 578 3484 medies
596 3432 670 3483 done
690 3430 854 3484 Chimaerae
874 3431 1024 3498 (elymeree
1037 3435 1073 3497 E)
1095 3432 1195 3501 lhebeo

287 3505 422 3554 flammas.
436 3505 499 3553 usto
512 3502 600 3552 Tauri
614 3499 617 3564 Ι
632 3505 743 3566 gutture
762 3506 859 3567 reptes
874 3527 880 3541 ·
895 3517 964 3566 ques
982 3503 1117 3568 permixte
1135 3500 1195 3565 (per-

287 3573 370 3623 misto
393 3572 435 3636 A)
453 3589 475 3623 ω
505 3572 620 3622 ordinem
642 3571 768 3626 restituit,
792 3580 868 3633 quae
888 3568 970 3634 (838)
989 3574 1042 3621 seri
1060 3574 1094 3621 eit
1111 3568 1168 3619 aP.
1184 3564 1194 3627 ll

287 3643 338 3692 845
356 3642 445 3692 stillet
462 3636 573 3706 Enseu
590 3637 711 3689 lucifera
728 3634 838 3705 Ellssbd
857 3642 885 3689 et
903 3638 928 3688 A
949 3654 982 3689 ee
999 3588 1059 3705 Εῇ
