2750 4250
300 342 364 407 382
688 356 831 405 tucenm

301 497 370 558 dum
387 496 477 557 nectit
492 498 588 572 Auge,
604 497 665 555 uim
681 497 777 575 stupri
792 513 879 573 passa
895 496 1003 557 excidit

300 580 470 660 nullamque
486 582 595 641 amoris
611 581 719 641 retinet
732 579 865 642 lreroulei
881 587 991 640 notam.

300 666 428 727 releram
444 665 513 745 quid
530 663 619 726 alias?
642 682 751 744 nempe
766 664 949 744 Thespiades
964 675 1067 725 uacant

301 749 447 830 breuique
462 750 492 809 in
508 748 573 810 illas
588 750 661 811 arsit
676 748 794 810 Alcides
809 749 882 810 lace.

301 834 409 913 hospes
424 832 531 894 Timoli
546 832 653 913 lydiam
670 832 745 894 louit
758 852 869 894 nurum

301 928 445 979 elamore
461 924 564 995 captus
579 918 615 977 ad
632 916 716 979 leues
730 918 806 978 sedit
821 917 902 978 colos

300 1004 392 1063 udum
408 1002 500 1063 ierool
515 1008 629 1062 stamen
645 1002 820 1080 intorquens
834 1020 933 1063 manu.

301 1103 407 1164 nempe
422 1085 472 1146 illa
488 1086 588 1147 ceruix
604 1085 698 1165 spolia
714 1088 849 1166 deposuit
862 1088 946 1148 lerae
1038 1109 1047 1125 ⁸

303 1173 474 1249 crinemque
490 1172 576 1232 mitra
593 1173 701 1250 pressit
715 1178 745 1232 et
760 1170 887 1232 lamulns
902 1174 983 1234 stetit

299 1254 406 1316 hirtam
423 1255 530 1317 sabaea
546 1256 696 1317 marcidus
711 1256 832 1336 myrrha
848 1274 974 1317 comam.

298 1339 408 1419 ubique
423 1340 526 1406 caluit.
543 1341 594 1401 sed
611 1340 670 1401 leui
686 1340 776 1402 caluit
791 1340 871 1411 iace,

298 1423 423 1487 haerere
439 1432 571 1486 amantes
587 1433 653 1503 post
668 1443 760 1502 uagos
775 1427 860 1503 ignes
874 1423 979 1485 solent.

297 1508 476 1571 famulumne
492 1518 522 1571 et
536 1510 629 1569 hostis
644 1509 793 1587 praeleret
807 1517 906 1570 naum
920 1508 994 1570 ubtt

298 1606 417 1654 neten.
433 1602 466 1654 ut
480 1592 537 1654 alta
552 1592 644 1655 siluas
659 1594 753 1654 lorma
769 1602 929 1655 uernantes
945 1593 1036 1655 habet

299 1696 372 1757 quas
389 1696 511 1739 nemore
526 1679 606 1739 nudo
621 1679 737 1756 primns
751 1678 871 1738 inuestit
886 1686 980 1758 tepor,

298 1770 328 1821 at
343 1780 410 1823 eum
426 1761 538 1823 solutos
554 1761 665 1841 expulit
679 1761 789 1824 boreas
804 1770 890 1822 notos

298 1854 327 1905 et
342 1864 431 1909 saeue
446 1853 521 1907 totas
536 1846 641 1908 bruma
657 1846 788 1907 decussit
803 1864 919 1915 comas,

298 1929 431 1991 deforme
447 1930 518 1992 solis
533 1931 659 2010 adspicis
674 1931 787 1991 truncis
803 1948 924 1992 nemus:

298 2015 341 2075 sie
358 2024 459 2075 nostra
474 2014 594 2093 longum
610 2014 705 2075 torma
723 2031 903 2092 percurrens
916 2016 974 2075 iter

298 2097 434 2178 deperdit
450 2098 557 2179 aliquid
573 2115 693 2177 semper
708 2106 738 2160 et
754 2098 845 2178 iulget
861 2100 959 2161 minus

296 2200 352 2244 nec
366 2183 415 2245 illa
431 2202 526 2245 uenus
541 2191 594 2246 est.
625 2185 766 2262 quicquid
781 2187 811 2245 in
826 2183 915 2245 uobis
929 2184 984 2246 tuit

295 2266 364 2327 olim
381 2269 509 2346 petitum
524 2269 632 2330 cecidit
647 2278 677 2330 et
692 2276 780 2347 partu
795 2268 875 2331 labat

295 2360 449 2430 materque
465 2353 616 2414 multum
631 2355 757 2432 rapuit
771 2373 812 2414 ex
827 2352 894 2415 illo
909 2354 995 2425 milri,

295 2443 375 2498 setes
391 2438 479 2497 citato
495 2438 594 2499 senior
609 2440 724 2516 inrupit
739 2438 844 2515 gradu.

294 2520 378 2582 uides
394 2529 427 2582 ut
441 2521 533 2583 altum
548 2522 657 2583 lamule
673 2539 734 2582 non
749 2522 854 2602 perdat
870 2522 978 2583 deous‘l

294 2623 411 2666 cessere
428 2605 526 2668 cultus
542 2609 659 2684 penitus
675 2614 705 2666 et
720 2607 831 2685 paedor
846 2607 943 2676 sedet,

294 2699 393 2751 tamen
409 2709 463 2770 per
478 2693 557 2768 ipsas
572 2690 666 2770 fulget
681 2708 840 2752 aerumnas
856 2691 946 2752 decor

361 2878 410 2928 371
433 2875 554 2926 herculis
577 2876 602 2924 Ε
631 2876 765 2926 Herculei
782 2877 808 2926 A
837 2871 849 2940 ΙΙ
877 2878 928 2926 372
950 2891 1049 2942 nempe
1073 2875 1202 2941 thespides

293 2950 398 2995 uocant
409 2944 435 2994 Ε
453 2959 532 2996 mene
545 2943 719 3008 Thespiades
731 2949 833 2994 uocant
845 2943 871 2992 A
882 2939 896 3009 ΙΙ
906 2946 956 2996 373
974 2945 1004 2993 in
1017 2944 1085 2995 illis
1103 2945 1175 2994 NHr.
1191 2943 1201 3002 ii

292 3015 343 3062 375
365 3013 394 3062 Μ
401 3027 515 3076 eroque
539 3012 615 3062 NHe.
639 3015 705 3062 conl.
724 3028 748 3061 u.
767 3013 817 3062 575
845 3007 857 3075 ΙΙ
885 3012 935 3061 376
959 3010 1058 3062 Colum
1079 3009 1202 3064 ferooili

291 3081 381 3130 Vnum
394 3081 415 3131 1.
428 3081 454 3130 Α
467 3079 563 3129 Vdum
576 3080 596 3130 f.
611 3075 986 3145 1105515511377115155555
1000 3081 1096 3131 oerqu
1108 3080 1179 3131 11115.
1190 3077 1201 3139 ii

292 3149 340 3198 381
365 3149 446 3199 NVT.
476 3149 602 3198 Haerere
632 3144 744 3210 (puncto
767 3164 799 3200 m.
824 3150 940 3198 555551
962 3147 1040 3212 tert.)
1063 3148 1090 3198 Ε
1122 3160 1201 3198 uersus

291 3217 444 3284 netandae
468 3240 507 3282 eu
530 3234 555 3282 Α
585 3232 721 3281 eutrici
743 3232 946 3296 5155555.
977 3229 990 3299 n
1017 3234 1068 3284 sss
1086 3231 1201 3283 murem

292 3309 353 3351 nota
362 3302 485 3364 praefica
497 3301 523 3349 A
535 3315 581 3350 om.
595 3299 620 3348 E
631 3295 643 3364 ΙΙ
654 3298 799 3349 Femulem
811 3315 864 3349 neo
876 3304 905 3349 et
916 3299 943 3352 h.
955 3299 981 3348 Ε
992 3296 1005 3366 ΙΙ
1021 3298 1178 3364 gaietemli
1189 3297 1201 3360 ΙΙ

291 3371 342 3420 383
360 3367 425 3417 5115
443 3368 518 3417 NHs.
530 3365 543 3432 ΙΙ
554 3368 640 3418 hebet
652 3366 677 3415 Ε
695 3363 869 3433 5111ΑΙΙ385
887 3367 993 3433 expulit
1011 3369 1052 3418 εΑ
1070 3366 1168 3418 extulit
1182 3365 1202 3414 ll

295 3437 385 3488 VPall.
401 3436 506 3487 excutit
517 3435 579 3484 1110
591 3431 603 3502 il
615 3436 664 3486 387
682 3435 749 3485 solis
766 3435 793 3485 Ε
804 3434 845 3484 1Ε
856 3442 880 3499 ψ
898 3434 991 3485 foliis
1010 3451 1030 3485 α
1040 3431 1053 3502 11
1064 3435 1165 3501 espicit
1180 3431 1201 3481 Ε

291 3504 394 3568 aspicis
403 3505 429 3553 A
441 3499 453 3571 il
465 3504 515 3554 380
527 3503 586 3553 1155
599 3501 650 3553 1115
662 3517 751 3554 uenus
764 3504 840 3554 551Ε
852 3501 991 3567 Melisque
1003 3505 1094 3553 minus
1106 3499 1199 3562 5511111

290 3575 339 3625 331
352 3573 457 3639 pariter
469 3570 495 3620 Ε
507 3575 588 3636 partu
600 3572 625 3620 A
638 3567 649 3636 ΙΙ
661 3571 815 3622 3113115155
827 3571 853 3620 Ε
864 3572 949 3622 Astus
962 3568 1004 3636 Ali
1010 3572 1110 3636 eripuit
1121 3587 1142 3621 ω
1154 3568 1201 3631 (55·

292 3643 339 3692 nio
352 3640 467 3706 erripuit
478 3639 512 3703 R)
532 3638 644 3701 irrupit
657 3638 732 3687 NHs.
745 3634 757 3704 ss
768 3641 819 3690 395
830 3639 924 3689 uultus
936 3641 977 3690 eA
996 3639 1092 3690 cultus
1104 3635 1199 3697 1111511
