2750 4250
269 275 311 340 36
553 291 583 338 n.
602 288 734 336 sunum
751 286 909 335 sennenn

229 442 256 500 b'
313 430 480 502 Quantus
501 428 610 490 incedit
625 426 753 506 populus
767 445 822 505 per
837 426 929 488 urbes

270 514 306 575 ad
323 514 394 575 noui
409 513 494 574 ludos
509 513 613 575 auidus
629 513 755 574 theatri:

270 598 393 680 qualis
410 597 506 660 eleum
522 600 582 659 ruit
597 597 634 658 ad
649 604 810 667 tonantem,

271 687 372 764 quinta
388 702 455 745 eum
470 701 588 745 sacrum
604 684 760 744 reuocauit
774 688 879 744 aestas.

237 887 252 918 ο
313 854 473 926 Quanta,
495 871 563 914 cum
578 852 684 931 longae
700 852 779 913 redit
792 853 866 913 hura
882 853 962 913 noeti

271 957 407 1000 creseere
423 945 452 1000 et
467 956 587 998 somnos
603 939 726 1017 cupiens
741 939 856 1017 quietos

270 1023 345 1084 libra
362 1024 512 1102 phoebeos
526 1031 610 1084 tenet
625 1041 719 1103 aequa
734 1040 850 1092 currus,

271 1108 383 1170 turba
405 1116 550 1170 secretam
567 1107 709 1169 Cererem
724 1108 894 1188 frequentat

271 1201 301 1255 et
316 1195 364 1255 niti
380 1195 465 1254 tectis
481 1201 644 1272 properant
659 1191 771 1253 relictis

272 1281 353 1340 attici
368 1288 487 1341 noctem
504 1277 658 1340 celebrare
673 1285 803 1356 mystae:

237 1457 259 1515 α’
308 1449 423 1509 Tanta
444 1466 499 1527 per
516 1463 637 1525 campos
652 1448 749 1522 agitur
763 1444 885 1508 silentes

272 1533 390 1595 turha.
422 1551 493 1613 pars
509 1533 590 1594 tarda
606 1531 740 1610 graditur
755 1539 883 1600 senecta,

277 1615 382 1704 [tristis
396 1628 424 1678 et
438 1622 533 1694 tenea
547 1621 659 1679 satiata
674 1613 752 1700 uita]

272 1721 342 1782 pars
359 1703 454 1764 adhue
471 1705 563 1763 currit
578 1701 709 1764 melioris
724 1704 800 1772 aeni,

274 1789 407 1864 uirgines
422 1787 554 1848 nondum
571 1787 706 1848 thalamis
722 1788 839 1864 iugatae

274 1878 305 1934 et
320 1874 414 1934 comis
429 1872 561 1934 nundum
578 1873 680 1951 positis
697 1871 805 1952 ephebi

274 1959 377 2018 matris
393 1964 422 2018 et
436 1975 544 2019 nomen
561 1957 648 2018 modu
664 1958 770 2018 doctus
784 1958 891 2018 inians.

140 2124 141 2127 ’
233 2136 265 2195 0¹¹
320 2127 374 2190 His
389 2127 489 2189 datum
505 2128 588 2199 solis,
604 2129 702 2190 minus
718 2136 751 2189 ut
765 2130 903 2190 timerent

271 2215 340 2293 igne
355 2212 488 2291 praelato
504 2213 637 2275 releuare
652 2222 780 2276 nectem.

272 2299 362 2360 ceteri
378 2298 489 2359 uadunt
504 2318 559 2377 per
574 2316 665 2378 opaea
681 2302 789 2368 tristes,

272 2383 425 2465 qualisvest
439 2383 525 2444 nobis
541 2386 672 2453 animus,
691 2390 803 2445 remota

270 2469 337 2530 luee
354 2486 422 2529 uum
439 2476 567 2530 maestus
583 2468 638 2530 sihi
653 2472 780 2549 quisque
796 2468 887 2529 sensit

272 2554 412 2617 obrutum
435 2559 495 2614 tota
512 2561 599 2632 eaput
614 2574 678 2616 esse
693 2562 784 2615 terra.

237 2738 254 2787 d
315 2725 379 2786 Stat
394 2722 482 2784 chaus
498 2724 622 2785 densum
638 2723 840 2803 tenebraeque
856 2731 958 2803 turpes

272 2819 301 2871 et
319 2808 401 2870 eninr
416 2811 513 2869 noctis
529 2808 623 2869 malus
639 2827 673 2869 ac
689 2808 802 2869 silentis

272 2898 364 2956 otium
381 2896 484 2955 mundi
499 2912 671 2973 naeuaeque
687 2893 790 2954 nubes

238 3078 252 3111 e
314 3047 387 3107 Sera
405 3066 459 3108 nus
474 3045 524 3107 illo
541 3046 651 3108 referat
666 3055 812 3107 senectus.

273 3150 360 3193 nemu
375 3132 412 3193 ad
429 3132 458 3192 id
473 3150 542 3193 sero
558 3133 642 3194 uenit
657 3132 735 3193 unde
751 3149 922 3211 numquam,

339 3303 389 3351 844
407 3303 463 3351 ruit
474 3302 552 3365 EVur
572 3303 692 3367 curritur
711 3303 767 3351 enit
779 3304 804 3351 Α
825 3298 837 3369 Η
859 3298 1077 3370 84610ngeAss
1099 3303 1187 3353 noetis

270 3371 296 3421 Α
325 3366 337 3437 ΙΙ
366 3371 417 3421 848
441 3370 555 3421 thebeos
578 3370 604 3420 E
643 3366 655 3437 ss
695 3372 746 3421 850
769 3371 817 3420 siti
839 3368 873 3420 V¹
904 3372 968 3421 sciti
986 3371 1049 3421 RH
1078 3372 1187 3433 seiteut

270 3438 469 3492 ExcitiNHe.
499 3434 511 3505 Η
545 3439 594 3489 853
617 3438 742 3503 graditur
757 3438 879 3489 EVRII
908 3438 1037 3504 grudistur
1057 3438 1189 3503 mutter

269 3525 301 3557 m.
321 3507 386 3568 see.)
405 3506 536 3573 gradiens
555 3508 579 3556 A
604 3504 616 3573 ΙΙ
639 3508 690 3557 854
707 3509 791 3557 delens·
812 3503 825 3573 [Ι
852 3508 903 3558 863
920 3509 1010 3557 sensit
1027 3506 1103 3573 ΕφΑ
1127 3522 1186 3557 sen-

272 3577 346 3641 titur
376 3572 387 3643 ΙΙ
417 3577 467 3627 864
485 3576 610 3627 obtutum
632 3577 660 3625 V
684 3571 696 3639 ΙΙ
