2750 4250
300 315 365 382 296
581 330 616 378 n.
632 330 767 377 nuueur
783 329 942 378 sunnone

268 471 294 531 ι’
344 482 410 532 res.
434 469 509 530 llum
526 469 594 530 licet
609 467 693 530 abire
709 469 867 547 profuge
883 476 971 547 teque
987 468 1052 529 hinc
1067 469 1148 548 eripe:

301 556 401 636 grauis
414 555 461 616 ira
476 573 582 633 regum
597 562 643 615 est
656 573 785 632 semper.

302 654 387 703 uun.
818 638 875 699 hoc
890 638 997 699 suades
1013 639 1093 706 mihi,

301 733 435 804 praestes
451 725 595 786 Creusae:
617 723 761 802 paelicem
777 725 902 784 inuisam
919 741 1048 785 amoues.

267 821 282 870 f
343 822 409 870 ms.
433 809 537 870 Medea
552 827 670 870 amores
685 808 794 870 obicit?
1024 818 1028 826 “

301 909 388 955 nun.
770 937 778 944 -
803 889 848 954 'el
863 893 985 972 eaedem
1001 900 1030 953 et
1044 891 1128 953 dolos.

301 993 367 1041 res.
392 978 519 1040 Obicere
536 979 653 1039 laudern
668 978 748 1059 quod
763 985 860 1056 potest
875 980 1016 1038 crimen
1032 977 1111 1038 mihil

301 1078 386 1125 utel).
411 1065 621 1143 quodcumque
638 1064 704 1124 leci,

300 1163 367 1211 Ius.
739 1156 830 1209 restat
845 1148 903 1208 hoc
915 1165 1008 1208 ‚unum
1025 1149 1148 1224 insuper,

301 1237 376 1296 tuis
391 1243 424 1296 ut
438 1235 526 1295 etiam
541 1232 705 1294 sceleribus
721 1233 788 1293 fiam
805 1251 953 1294 nocens.

266 1331 287 1388 ς’
344 1332 429 1379 utun.
453 1319 527 1379 Tua
543 1317 591 1378 illa
606 1327 667 1377 tua
683 1325 753 1377 sunt
768 1317 833 1378 illa:
856 1320 904 1378 cui
919 1317 1041 1397 prodest
1055 1317 1178 1383 scelus,

300 1407 326 1465 is
341 1405 419 1465 iecit.
450 1421 553 1463 omues
570 1404 726 1479 coniugem
742 1402 882 1463 infamem
898 1410 1037 1481 arguant:
1123 1450 1130 1467 t

301 1488 382 1550 solus
398 1497 497 1557 tuere,
514 1487 595 1550 solus
610 1489 757 1549 insontem
774 1507 859 1549 noca.
1207 1491 1237 1540 ili

300 1573 355 1634 tibi
370 1575 512 1634 innocens
526 1576 565 1636 sit
580 1574 712 1652 quisquis
727 1579 771 1633 est
786 1590 842 1651 pro
857 1581 885 1633 te
903 1591 947 1633 no
957 1589 1053 1633 cens.

266 1693 285 1742 g
344 1670 411 1718 rus,
433 1659 550 1736 ingrata
567 1661 685 1720 uitaesl
701 1657 1131 1735 cuiusacceptaepudet.

266 1753 292 1826 g'
344 1755 430 1804 utun.
453 1742 615 1805 Retinenda
632 1761 691 1803 non
708 1750 752 1803 est
767 1745 874 1803 cuius
895 1751 1068 1821 acceptae
1088 1741 1195 1819 pudet.

265 1847 284 1896 h
345 1840 410 1888 tus.
435 1829 511 1900 Quin
526 1829 624 1907 potius
638 1829 682 1888 ira
699 1830 847 1888 concitum
865 1835 968 1907 pectus
984 1827 1076 1888 ddma.

300 1910 420 1992 placare
435 1913 541 1972 natis.
1210 1913 1241 1963 510

300 2010 387 2058 utun.
563 1996 667 2058 abdico
683 1997 766 2057 eiuro
782 1997 890 2059 abnuo.

301 2083 375 2143 meis
390 2081 500 2143 Creusa
516 2080 619 2144 liberis
633 2081 741 2143 iratres
756 2082 853 2143 dabit?

265 2177 291 2236 h'
343 2179 410 2228 lus,
432 2166 546 2245 Regina
562 2168 659 2229 natis
675 2166 793 2227 exulum
810 2168 932 2230 adflictis
948 2175 1061 2245 potens.

300 2265 385 2313 utun.
409 2270 470 2311 non
485 2256 586 2313 ueniat
601 2270 741 2330 umquam
757 2259 817 2313 tam
833 2253 926 2314 malus
942 2253 1058 2313 miseris
1073 2252 1146 2321 dies,

299 2339 350 2416 qui
366 2336 451 2416 prole
467 2336 551 2398 loeda
568 2340 690 2398 misceat
705 2336 819 2415 prolem
836 2338 975 2398 inclitam.

300 2420 431 2502 [Phoebi
442 2432 566 2499 nepotes
579 2424 706 2501 Sisyphi
717 2422 899 2503 nepotibus]
1146 2486 1148 2488 ,
1212 2422 1242 2471 ⁵¹5

264 2528 281 2576 h
342 2519 409 2567 ms.
433 2506 508 2576 Quid
524 2510 630 2570 misera
647 2526 755 2587 meque
772 2517 858 2585 teque
874 2508 904 2567 in
920 2509 1040 2568 exitium
1054 2507 1157 2569 tralrisl

300 2589 429 2653 abscede
444 2611 562 2670 quaeso.

298 2689 384 2738 uun.
618 2677 781 2755 supplicem
799 2676 909 2737 audiuit
925 2677 1026 2739 Creo.

298 2773 364 2821 res,
382 2761 453 2840 quid
466 2762 566 2822 lacere
580 2764 691 2841 possim
707 2762 840 2841 loquere.

298 2859 384 2906 utun.
884 2866 939 2926 pro
955 2848 1021 2907 me?
1044 2846 1093 2907 uel
1107 2845 1197 2907 scelus.

260 2946 289 3002 11'
341 2944 408 2993 1As.
432 2930 508 2991 llinc
524 2949 577 2991 rex
593 2930 728 2992 etillino.
945 2944 948 2952 ⁴

296 3029 384 3077 utun.
784 3025 829 3078 est
844 3023 873 3079 et
888 3017 933 3077 his
948 3018 1042 3077 maior
1059 3025 1165 3077 metus:

296 3100 431 3163 Medea.
461 3120 516 3162 nos
532 3102 666 3179 conflige.
700 3109 848 3163 certemus
863 3104 941 3171 sine,
1212 3097 1242 3149 ⁵2⁰

364 3288 415 3337 tea
432 3302 521 3337 mores
538 3288 565 3336 E
587 3303 695 3338 amores
713 3288 738 3339 A
762 3283 773 3354 ll
797 3287 899 3351 obijcis
917 3288 943 3337 A
963 3288 1108 3354 obicitur
1131 3286 1141 3355 Η
1163 3288 1200 3338 500

296 3351 420 3417 obijcere
434 3355 537 3405 crimen
550 3356 621 3419 quod
633 3361 713 3422 potes
726 3356 836 3405 taudem
850 3356 916 3405 mihi
929 3356 954 3405 A
973 3355 1086 3407 obicere
1104 3356 1199 3407 tandem

296 3422 369 3484 quod
388 3426 482 3486 potest
499 3424 603 3473 crimen
621 3424 706 3473 michi
724 3424 749 3471 Ε
761 3420 773 3490 Η
784 3426 834 3473 512
852 3424 918 3475 IAS.
934 3440 981 3474 om.
995 3424 1021 3475 A
1034 3427 1109 3490 11513
1126 3424 1198 3474 ΜΕΙ).

295 3505 342 3539 om.
357 3490 381 3539 A
394 3487 406 3556 ΙΙ
418 3489 506 3540 malus
519 3492 544 3540 A
562 3491 651 3542 malus
663 3508 732 3542 corr.
746 3508 781 3541 ex
793 3492 874 3541 malis
886 3490 921 3540 E¹
934 3488 946 3559 Η
958 3494 1008 3542 515
1021 3494 1106 3543 deteui
1116 3506 1200 3543 uercuu

295 3558 356 3607 uitio
375 3558 520 3622 deformem.
542 3556 554 3626 ΙΙ
578 3560 626 3609 516
646 3560 758 3609 exilium
776 3560 825 3623 Εψ
845 3560 957 3609 exitium
978 3576 996 3610 α
1020 3557 1031 3625 ΙΙ
1055 3564 1105 3612 520
1122 3560 1199 3611 confli·

294 3640 360 3689 gere
380 3642 401 3676 co
419 3628 549 3693 confflige
568 3643 587 3676 α
606 3625 635 3691 (i.
648 3644 671 3679 e.
685 3628 788 3690 confer,
807 3644 923 3692 conpara
936 3628 969 3692 cs.
984 3628 1052 3678 Bau.
1067 3632 1104 3680 ad
1113 3630 1136 3681 lt.
1147 3626 1172 3692 l.)
1181 3622 1192 3690 ΙΙ
