2750 4250
551 375 704 424 ocrsvtn

170 519 245 577 inter
261 526 384 594 penates
400 516 500 578 iratris
515 525 544 578 et
559 518 686 596 patrium
705 516 806 578 larem.

171 604 214 664 iar
231 599 279 662 illa
296 620 384 682 quam
400 610 500 663 secute
516 619 549 663 es
563 604 713 679 Augustae
728 621 818 664 manu

170 685 300 766 praelata
315 686 428 748 clarum
445 704 555 750 nomeu
570 687 681 748 inuidia
699 687 750 748 tibi

170 780 285 851 partum
301 775 460 835 ominatur.
491 771 618 833 interum
635 772 722 834 sedes
737 780 818 833 toros

171 854 288 918 stabiles
303 856 420 919 iuturus
435 856 562 936 spondet
577 865 715 919 aeternae
731 858 837 919 domus

171 940 267 1018 iugulo
284 943 364 1021 quod
381 959 481 1003 ensem
498 941 630 1003 condidit
645 943 784 1023 princeps
800 952 883 1004 tuus:

170 1025 240 1088 halla
258 1027 337 1089 haud
354 1027 498 1099 mouebit,
515 1047 590 1108 pace
605 1028 657 1089 sed
673 1028 785 1089 lerrum
801 1035 891 1106 teget.

170 1109 309 1190 recollige
325 1115 472 1184 animum,
488 1114 589 1192 recipe
605 1113 743 1174 laetitiam
760 1131 868 1193 precor

171 1197 272 1258 timore
287 1197 384 1276 pulso.
414 1197 507 1259 redde
522 1205 552 1260 te
567 1197 704 1260 thalamis
718 1200 784 1260 tuis.

170 1295 242 1343 ror.
261 1281 433 1344 delubra'et
447 1300 514 1343 aras
529 1290 632 1362 petere
648 1284 787 1344 constitui
801 1301 902 1344 sacras

171 1368 259 1428 caesis
275 1366 361 1428 litare
377 1368 505 1429 uictimis
522 1385 632 1429 numen
648 1368 753 1438 deum,

170 1458 200 1511 ut
214 1454 372 1531 expientur
386 1453 482 1514 noctis
498 1461 528 1514 et
542 1455 638 1513 somni
654 1453 752 1514 minae

170 1543 324 1618 terrorque
339 1538 369 1598 io
385 1537 485 1600 hostes
500 1538 602 1599 redeat
616 1539 758 1599 attonitus
774 1555 866 1598 meos.

171 1624 259 1682 iuota
275 1641 333 1702 pro
347 1641 396 1684 me
410 1625 527 1702 suscipe
543 1631 571 1684 et
585 1623 728 1703 precibus
743 1624 799 1700 piis

171 1723 290 1786 superos
305 1708 396 1770 adora
413 1711 534 1769 mandat
548 1715 581 1769 ut
594 1725 737 1786 praesens
752 1714 859 1769 metus.

551 1889 698 1938 cflouvs

336 2013 367 2074 Si
383 2031 454 2074 uera
469 2012 578 2093 loquar
594 2013 671 2074 lama
688 2015 817 2074 tonantis

292 2098 370 2161 iurta
388 2107 417 2162 et
432 2108 532 2179 gratos
549 2106 650 2161 narrat
665 2116 795 2167 amores,

294 2201 383 2262 quern
399 2185 487 2246 modo
503 2185 602 2247 Ledae
616 2185 761 2263 pressisse
776 2186 873 2245 sinum

292 2278 404 2331 tectum
420 2269 526 2347 plumis
545 2271 713 2349 pennisque
728 2270 843 2337 ierunt,

291 2355 380 2415 modo
398 2354 573 2433 perductus
588 2363 703 2433 raptam
719 2354 861 2432 Europen

290 2448 409 2501 taurum
428 2447 510 2518 tergo
526 2447 659 2520 portasse
675 2446 805 2499 trucem:

334 2575 416 2647 Quae
431 2575 508 2653 regit
523 2584 552 2635 et
568 2593 646 2635 nunc
662 2574 780 2636 deseret
795 2583 888 2645 astra,

290 2667 372 2739 petet
387 2658 538 2737 amplexus
554 2659 691 2739 Poppaea
708 2668 774 2719 tuos

292 2762 366 2823 quos
382 2751 410 2805 et
426 2744 522 2825 Ledae
539 2744 692 2823 praeferre
706 2752 805 2822 potest

175 2905 369 2914 Ἢ

232 3000 280 3050 761
299 3000 373 3051 iuter
383 3016 405 3051 ω
424 2995 614 3064 11111111111762
633 3005 731 3049 secuto
749 2996 836 3065 31311
849 3003 966 3063 auguste
985 2998 1050 3047 313
1069 2999 1082 3059 ΙΙ

174 3064 217 3114 764
232 3068 383 3118 ⁰ominetur
396 3062 500 3134 011766
513 3066 582 3131 quod
595 3082 695 3131 sprser.
708 3081 788 3131 quam
803 3068 824 3117 G
841 3061 1084 3131 11131213111111111

175 3146 192 3179 ω
208 3138 251 3187 tuo
267 3137 371 3202 Lipsius
388 3137 476 3186 ‘codd
495 3140 584 3184 nonm’
604 3134 681 3185 NHs.
700 3135 843 3186 uidcodu.
858 3130 992 3199 74711767
1010 3132 1085 3182 haud

174 3214 235 3254 corr.
252 3208 356 3255 secut
372 3204 434 3253 312
452 3218 550 3253 uersum
568 3216 615 3255 cm.
633 3204 657 3251 V
668 3200 680 3268 11
692 3204 742 3252 772
762 3203 874 3267 expient
891 3202 955 3251 313
967 3197 980 3268 11
991 3201 1086 3251 minax

175 3266 313 3339 31311774
327 3276 354 3322 et
365 3275 434 3321 uoto
445 3288 466 3322 ω
479 3275 514 3319 tu
525 3275 594 3321 note
609 3271 687 3321 Goon.
701 3273 720 3332 i,
734 3275 800 3321 uota
811 3271 908 3333 scripsi
918 3270 1055 3319 cumNHs.
1071 3270 1084 3331 11

175 3334 217 3388 lid
233 3346 326 3391 manet
343 3343 374 3388 ut
392 3340 417 3390 Α
435 3342 547 3389 moneat
564 3342 596 3387 ut
617 3340 642 3388 V
654 3339 758 3389 31213
776 3338 899 3388 mandet
917 3342 948 3387 111
965 3338 1061 3400 scripsi
1071 3353 1086 3387 e

111 3424 113 3431 ‚
176 3408 232 3457 toni.
245 3409 320 3459 NHs.
340 3415 455 3459 emanet
466 3412 497 3457 111
508 3406 634 3457 11311111*
644 3401 655 3472 11
668 3407 718 3457 776
731 3404 829 3471 loquer
841 3405 862 3456 0
876 3405 976 3469 loquor
988 3407 1013 3455 A
1024 3405 1085 3454 312

175 3468 247 3537 loqui
270 3476 333 3528 313
351 3476 459 3543 loquax
477 3494 496 3527 α
515 3478 524 3539 1
531 3476 557 3525 V
560 3472 583 3539 i)
601 3472 612 3542 11
630 3476 678 3526 777
698 3480 793 3524 narret
812 3469 916 3539 611778
935 3487 987 3537 que
1005 3472 1086 3523 modo

178 3538 261 3595 0313
285 3544 419 3609 quemodo
437 3561 506 3595 corr.
526 3560 561 3594 erc
580 3541 709 3608 quimodo
732 3544 758 3590 V
771 3538 1052 3607 11779ρ11111111313
1072 3540 1085 3603 11

131 3642 135 3649 .
176 3604 253 3661 lerum
272 3614 293 3663 0
304 3614 369 3663 313
386 3614 412 3662 in
429 3628 510 3676 mora.
529 3610 555 3659 B
573 3611 643 3659 312·
665 3610 760 3659 serunt
782 3612 806 3661 A
819 3606 831 3675 11
843 3610 893 3661 782
911 3608 1014 3661 deseris
1033 3606 1054 3657 0
1072 3609 1086 3673 11

177 3673 218 3726 783
233 3685 311 3744 peret
330 3681 393 3730 313
416 3682 492 3745 petat
509 3692 578 3729 corr.
597 3694 633 3728 ex
650 3678 723 3743 perit
745 3679 771 3728 V
791 3675 803 3744 11
