2750 4250
282 330 345 395 362
669 344 815 393 tuocum

325 500 424 547 cute.
449 486 578 549 Consors
592 484 697 565 pericli
711 488 824 565 pariter
838 505 873 547 ac
888 486 973 562 regni
986 487 1038 546 mei

283 570 421 649 Aegisthe
436 570 571 647 gradere.
602 580 691 650 gnata
706 573 890 650 genetricem
904 572 999 649 inpie·

283 656 402 735 probris
418 654 549 726 lacessit,
566 655 674 717 occulit
688 656 812 718 lratrem
828 656 969 718 abditum.

284 753 365 801 asu.
381 740 539 802 furibunda
555 742 640 819 uirgo
655 743 740 803 uocis
754 742 893 803 infandae
909 759 1011 803 sonum

285 834 313 887 et
328 843 400 886 aure
416 825 508 887 uerba
523 826 643 904 indigna
659 834 794 888 materna
810 829 956 906 opprime.

326 924 382 971 En.
405 910 499 972 Etiam
516 910 647 972 monebit
661 911 785 973 sceleris
798 911 913 973 inlandi
928 910 1029 973 artifex

285 1015 339 1074 per
354 993 465 1056 scelera
482 1005 568 1057 natus
583 1014 692 1058 nomen
707 995 879 1075 ambiguum
895 999 957 1059 suis

284 1082 363 1142 idem
380 1082 491 1141 sororis
507 1088 611 1159 gnatus
627 1090 656 1141 et
671 1083 764 1161 patris
780 1083 892 1160 neposl

284 1178 384 1225 curn.
401 1166 540 1243 Aegistbe
555 1184 653 1226 cessas
669 1168 782 1243 inpium
798 1168 880 1227 terro
896 1176 986 1245 caput

285 1251 454 1311 demetere?
477 1252 598 1311 tratrem
615 1252 721 1312 reddat
736 1260 787 1311 aut
802 1254 930 1313 animam
946 1253 1050 1313 statim.

326 1348 382 1395 En.
406 1336 541 1397 Concede
557 1344 693 1397 mortem.
1150 1346 1152 1350 ’
1191 1338 1238 1387 1⁰⁶³

286 1434 365 1481 AEG.
739 1423 765 1483 si
780 1439 936 1482 recusares
953 1422 1061 1483 darem.

285 1506 369 1566 rudis
385 1514 428 1566 est
443 1512 586 1583 tyrannus
602 1513 698 1566 morte
712 1507 765 1585 qui
779 1524 907 1585 poenam
924 1508 1024 1585 exigit.

285 1604 340 1650 En.
358 1598 484 1650 mortem
501 1589 608 1669 aliquid
625 1589 702 1651 ultra
719 1592 780 1652 est?

285 1688 366 1737 Anu.
811 1678 885 1744 uita,
902 1678 927 1737 si
942 1677 1043 1756 cupias
1058 1676 1135 1736 mori.

327 1760 462 1838 Abripite
478 1759 578 1820 lamuli
594 1771 760 1822 monstrum
777 1770 807 1822 et
821 1771 954 1822 auectam
971 1760 1075 1841 procul

287 1844 362 1906 ultra
378 1845 515 1924 Mycenas
531 1845 633 1906 ultimo
649 1847 678 1908 in
694 1848 780 1925 regni
795 1845 903 1924 angulo

287 1931 397 1990 uincite
412 1938 544 2008 saeptam
559 1940 647 1991 nocte
661 1930 812 1992 tenebrosi
827 1949 948 2011 specus,

287 2026 319 2074 ut
334 2016 494 2093 inquietam
511 2016 655 2094 uirginem
672 2034 775 2077 carcer
790 2016 899 2076 domet.

330 2100 470 2161 Abstrusa
487 2119 576 2162 caeco
592 2118 715 2163 carcere
731 2109 761 2162 et
775 2118 846 2163 saxo
861 2103 957 2179 exigat

288 2203 394 2246 aeuum
411 2192 440 2246 et
455 2203 509 2264 per
524 2205 626 2248 omnes
640 2195 718 2247 torta
734 2205 897 2268 poenarum
912 2187 1028 2247 modos.

288 2270 401 2331 reterre
418 2288 505 2348 quem
522 2288 602 2332 nunc
617 2270 727 2332 occulit
742 2273 840 2332 lorsan
857 2270 936 2332 uolet

287 2357 374 2434 inops
389 2373 481 2433 egens
495 2355 606 2416 inclusa
623 2357 752 2434 paedore
767 2356 883 2417 obruta.

288 2441 376 2501 uidua
394 2449 461 2502 aute
476 2440 620 2502 thalamos
636 2440 704 2502 exul
718 2443 812 2503 inuisa
828 2441 965 2503 omnibus

288 2526 408 2587 aetbere
424 2535 530 2604 negato
545 2544 612 2587 sero
628 2526 802 2588 succumbet
817 2526 910 2588 malis.

330 2624 428 2672 corr.
453 2614 489 2672 At
503 2613 556 2673 ista
572 2629 682 2690 poenas
698 2614 793 2692 capite
807 2610 958 2693 persoluet
972 2631 1027 2676 suo

289 2697 404 2775 captiua
420 2697 547 2756 coniunx
562 2698 636 2774 regii
653 2696 756 2777 paelex
770 2699 840 2758 tori.

288 2782 443 2852 trahite,
460 2791 493 2842 ut
507 2791 648 2860 sequatur
663 2783 819 2860 coniugem
836 2791 971 2861 ereptum
988 2783 1069 2843 mibi.

332 2881 405 2929 cas.
429 2867 472 2929 Ne
487 2867 636 2928 trahite.
662 2875 780 2928 uestros
794 2869 855 2946 ipsa
872 2867 1049 2947 praecedam
1064 2866 1174 2946 gradus

360 3110 424 3159 1037
442 3108 558 3172 gradere
577 3106 603 3155 E
614 3106 638 3155 R
650 3106 747 3155 IIPol.
766 3105 871 3170 gaudes
889 3106 914 3154 A
926 3101 938 3169 ΙΙ
989 3111 1064 3154 atam
1080 3100 1192 3170 Ε111038

291 3175 395 3225 occulit
407 3177 521 3226 fratrem
535 3174 697 3225 abditumE
717 3174 778 3223 abd.
792 3174 825 3224 fr.
840 3188 898 3222 occ.
911 3169 954 3238 ΑΙ
980 3175 1045 3223 tute
1062 3178 1143 3222 natus
1153 3170 1192 3231 Εψ

291 3246 391 3292 nectus
404 3245 425 3293 A
437 3238 449 3308 l}
461 3243 676 3298 uu.1046-1051
687 3248 750 3305 post
760 3242 857 3292 urunt
868 3242 963 3290 traieci
972 3249 1078 3292 uuotore
1089 3232 1193 3296 Belide-E

292 3307 371 3360 1(leh
388 3309 471 3360 AEG.
491 3314 559 3376 erp?
572 3311 647 3362 [Ραὶ.
667 3309 747 3360 CLY.
765 3311 790 3359 A
808 3306 904 3374 111054
922 3309 1011 3359 Morte
1029 3309 1109 3366 Eed.
1121 3307 1192 3358 baut

291 3379 407 3428 Mortem
426 3381 451 3428 A
497 3378 578 3432 1054¹³
596 3377 677 3428 ΑΕΘ.
698 3378 845 3440 ερῖΙΡαὶ.
871 3375 950 3430 CLY.
969 3378 994 3426 A
1012 3373 1107 3442 111065
1129 3373 1193 3425 CLY·

293 3447 449 3512 eptam
480 3443 485 3513 l
509 3446 634 3512 Abripite
650 3453 688 3511 εψ
706 3445 827 3510 Arripite
846 3445 870 3494 A
889 3442 900 3511 Η
925 3445 990 3495 1056
1008 3459 1139 3494 mecenas
1154 3435 1193 3500 bt

293 3516 359 3567 1046
381 3515 464 3568 AEG.
484 3516 632 3582 epllPal.
652 3529 700 3564 om.
719 3516 743 3563 A
767 3511 779 3578 11
805 3515 870 3564 1047
890 3516 985 3576 siper
1002 3511 1027 3561 E
1051 3516 1080 3561 et
1097 3504 1193 3568 om.Al

294 3586 359 3635 1048
377 3585 480 3635 lorsam
498 3584 523 3634 Ε
540 3581 552 3650 ΙΙ
571 3584 636 3633 1049
655 3581 747 3631 obsita
765 3583 790 3631 A
809 3583 909 3632 obruta
928 3579 953 3627 Ε
969 3576 983 3645 ΙΙ
1000 3581 1066 3630 1050
1085 3573 1194 3630 CIX-E

292 3669 339 3703 om.
356 3654 382 3702 A
395 3655 406 3719 [Ι
418 3654 480 3717 ipse
497 3653 523 3701 Ε
541 3655 596 3700 istu
615 3649 639 3698 A
651 3646 663 3712 ΙΙ
675 3649 816 3711 persolnet
834 3648 882 3711 Εψ
901 3645 1044 3712 persoluat
1061 3647 1088 3696 A
1110 3642 1122 3712 ss
