2750 4250
618 323 628 346 ο

392 381 665 431 Pfloltntsuanvtt
679 383 811 430 rnadu.

174 527 280 585 inrtuna
296 519 367 584 belli
380 541 500 602 semper
514 523 637 601 ancipiti
650 524 681 582 iu
697 521 763 583 loeo
779 531 831 583 est.

173 609 370 690 quodcumque
384 609 462 669 blars
477 606 625 668 decernit:
641 616 786 686 exaequat
800 609 874 670 dnus

173 695 232 755 lieet
245 697 362 772 inpares
376 694 435 754 sint
450 690 566 768 gladius
581 699 611 753 et
624 710 693 770 spes
709 700 738 753 et
753 700 850 754 metus

169 780 231 853 snrs
245 797 331 840 caeca
348 785 457 839 uersat
488 779 654 855 praemium
669 778 817 838 incertum
833 779 917 857 petis.

173 871 275 925 certum
291 862 398 924 scelus.

146 958 161 1005 t
436 947 558 1007 lauisse
572 947 620 1007 ian
635 947 712 1006 uotis
727 947 799 1008 dens

172 1050 264 1093 omnes
278 1033 350 1094 tuis:
367 1049 485 1094 cessere
500 1039 531 1091 et
545 1032 644 1093 auersi
658 1031 759 1110 lugam

171 1119 272 1194 petiere
287 1120 377 1188 ciues,
394 1115 478 1178 clade
493 1117 608 1178 iunesta
623 1119 725 1178 iacens

173 1201 273 1262 obtexit
287 1218 376 1279 agros
390 1200 485 1263 miles.
515 1201 629 1263 exultes
643 1201 713 1264 lieet

170 1288 312 1365 uictorque
328 1286 429 1348 iratris
444 1284 537 1364 spolia
553 1286 660 1347 deiecti
676 1304 778 1365 geras:

170 1370 322 1449 plangenda
337 1371 435 1450 palma
452 1378 506 1431 est.

139 1454 161 1510 k'
535 1454 630 1528 Quale
645 1463 676 1516 tn
692 1456 749 1516 bue
764 1455 875 1517 bellum
891 1467 987 1535 putas,

172 1540 196 1599 in
210 1559 263 1618 qno
278 1538 479 1602 execrandum
494 1542 591 1600 uictor
606 1540 736 1601 admittit
750 1542 833 1602 nelas

172 1625 192 1683 si
206 1625 325 1701 gaudet?
347 1625 430 1686 bunc
445 1643 534 1703 quem
550 1627 673 1686 uincere
688 1624 788 1686 inlelir
806 1627 889 1704 cupis

175 1727 230 1768 cum
245 1711 361 1780 nicenis,
378 1708 504 1788 lugebis.
535 1709 679 1770 infaustas
695 1727 750 1788 age

172 1793 269 1854 dimitte
283 1810 408 1872 pugnas,
425 1794 519 1856 libera
534 1796 659 1872 patriam
675 1803 767 1862 metu,

171 1874 240 1960 luctu
253 1886 401 1958 parentes.

143 1969 157 2017 k
206 1975 277 2023 eon.
433 1963 561 2024 Sceleris
576 1969 606 2024 et
620 1964 732 2025 fraudis
747 1981 817 2024 suae

171 2065 266 2124 peenas
280 2048 427 2109 uelandus
442 2049 535 2108 irater
551 2060 583 2109 ut
597 2048 693 2109 nullas
708 2048 802 2108 ierat?

170 2145 227 2193 roc.
249 2152 286 2195 ne
300 2143 415 2195 metue:
436 2152 592 2212 poenas,
609 2134 772 2213 etquidem
789 2132 884 2194 soluet
900 2152 1028 2215 graues:
1126 2157 1176 2203 645

170 2218 300 2294 reguabit.
331 2225 378 2280 est
392 2219 467 2279 haee
483 2237 613 2297 poena.
645 2221 669 2279 si
686 2217 813 2289 dubitas,
830 2236 886 2279 ano

169 2305 290 2381 patrique
305 2303 406 2373 erede.
423 2303 551 2365 Cadmus
566 2303 624 2363 bue
639 2304 717 2365 dicet
732 2303 785 2364 tibi
1093 2326 1143 2375 285

169 2386 316 2467 Cadmique
331 2387 443 2468 proles.

137 2469 158 2525 k'
481 2474 604 2553 Sceptra
621 2471 766 2533 Thebano
781 2472 836 2533 luit

170 2556 293 2634 inpune
308 2556 382 2619 nulli
397 2574 518 2634 gerere,
534 2576 590 2619 nec
605 2560 763 2638 quisquam
779 2556 837 2619 fide
1127 2580 1177 2626 650

168 2649 243 2718 rupta
258 2642 369 2703 tenebit
383 2641 441 2703 illa.
471 2644 529 2702 iana
543 2660 684 2703 numeres
699 2642 767 2703 licet

169 2722 276 2786 tratrem
290 2729 369 2787 inter
385 2728 465 2788 istos.

168 2809 225 2871 Ete.
501 2820 648 2887 numeret,
667 2821 711 2873 est
726 2814 799 2872 tanti
814 2812 886 2872 mibi
1093 2833 1142 2880 290

168 2911 225 2955 cum
239 2896 359 2974 regibus
374 2898 482 2957 iacere.
514 2906 545 2958 te
560 2897 665 2957 turbae
681 2895 800 2957 exulum

168 2979 279 3042 ascribe.

223 3149 269 3198 eet
287 3152 454 3199 tormenta
471 3148 539 3199 belli
557 3152 588 3200 ei.
608 3150 691 3201 Swob.
715 3147 728 3215 ll
751 3151 800 3201 269
818 3150 912 3215 gladio
930 3151 956 3200 E
985 3147 997 3217 ll
1024 3153 1074 3202 270

168 3227 217 3263 rnre
233 3233 252 3265 ω
269 3217 332 3267 fers
350 3218 428 3268 NHs.
448 3218 482 3281 cf.
499 3218 725 3283 Verg.ecl.IX5
748 3214 761 3284 ΙΙ
788 3219 860 3282 petit
878 3219 904 3267 A
923 3220 995 3285 petis
1015 3216 1074 3286 εψΗ

168 3282 208 3330 276
217 3283 370 3348 frangenda
383 3286 409 3335 A
427 3285 586 3350 plangenda
604 3286 630 3335 E
643 3294 660 3336 t.
674 3286 749 3336 LGr.
768 3283 779 3352 ll
796 3286 824 3335 id
836 3287 862 3335 A
880 3286 933 3336 boc
945 3287 971 3336 E
988 3284 1000 3354 Η
1023 3291 1072 3339 281

167 3349 233 3399 uerba
249 3352 373 3402 luetu-
385 3352 500 3403 sceleris
518 3358 546 3403 et
563 3372 610 3406 om.
629 3354 655 3403 Ε
677 3350 690 3420 Η
713 3356 763 3404 284
785 3354 857 3403 haee
881 3360 923 3404 est
945 3370 1035 3419 poena
1056 3374 1074 3407 α

168 3414 209 3466 bea
223 3434 293 3482 pena
313 3425 358 3471 est
375 3421 399 3471 lt
417 3425 460 3471 est
472 3422 543 3471 haee
555 3437 582 3486 p.
601 3422 651 3486 Εψ
668 3418 680 3489 [Ι
696 3422 840 3472 thebarum
853 3423 879 3471 A
898 3422 1020 3474 thebana
1032 3428 1074 3475 uel

169 3482 310 3552 thebanum
330 3488 452 3539 thebano
465 3486 575 3554 ΕΗ288
594 3490 712 3540 tenebat
729 3491 754 3539 A
773 3490 880 3540 tenebit
897 3489 924 3539 Ε
945 3506 1073 3542 numeres

168 3565 225 3605 eurr.
246 3559 310 3607 nr.2
333 3572 370 3606 ece
392 3559 513 3606 numeris
529 3557 556 3605 Ε
588 3554 601 3623 ΙΙ
634 3557 784 3608 28912012.
803 3573 915 3608 numero
939 3562 967 3609 et
991 3564 1034 3609 eet
1051 3577 1073 3609 ω

169 3617 237 3671 ΕΤΕ.
253 3630 396 3689 numeret,
417 3629 459 3674 eet
476 3622 595 3677 Bnetm.
611 3621 690 3690 [1290
708 3624 780 3675 100.
794 3627 820 3675 A
838 3642 885 3677 om.
899 3626 924 3674 E
940 3622 951 3692 Η
968 3631 996 3676 te
1015 3631 1072 3675 tnr-

168 3684 246 3739 baeA
264 3697 291 3741 et
308 3692 371 3742 urbi
388 3692 413 3741 Ε
436 3688 448 3758 [1
470 3694 519 3743 291
540 3694 651 3743 ascribo
669 3694 696 3742 A
714 3694 818 3745 ascribi
829 3693 856 3741 Ε
873 3709 943 3744 corr.
961 3694 1036 3743 NHa.
1049 3690 1062 3759 ll

211 3804 327 3841 SENECAE
343 3808 426 3843 TRAG·
847 3775 866 3837 9
