2750 4250
295 298 362 364 264
574 314 607 362 n.
632 311 766 360 nurum
788 311 947 361 sennenn

298 451 445 534 lugendus
458 452 597 515 Helenae.

264 539 289 598 α’
650 537 763 598 Durum
779 545 809 600 et
822 538 953 600 inuisum
970 547 999 600 et
1014 554 1102 615 graue
1115 543 1151 596 est

298 625 418 685 seruitia
433 624 528 692 serre,
544 621 640 700 patior
656 621 714 682 huc
729 619 799 682 olim
814 623 916 700 iugum
1197 630 1229 679 ltu

299 709 385 769 annis
401 708 503 769 decem
520 707 645 785 captiua.
677 713 858 784 prostratum
873 705 959 768 Ilium
977 717 1034 778 est,

298 794 379 854 uersi
394 800 525 871 penates.
556 792 685 872 perdere
701 799 745 853 est
759 793 884 871 patriam
899 808 1006 869 graue,

299 879 420 957 grauius
433 879 550 938 timere.
580 895 635 939 uus
649 875 731 938 leuat
746 875 819 938 tanti
834 876 903 938 mali

299 964 471 1032 comitatus,
486 963 517 1022 in
532 980 580 1022 me
596 963 692 1022 uictor
708 969 737 1024 ct
750 963 847 1022 uictus
862 962 943 1023 lurit.

264 1059 282 1108 u
343 1048 437 1119 Quam
454 1047 578 1125 quisque
593 1045 732 1108 famulam
750 1047 897 1117 traheret,
914 1048 1028 1110 incerto
1044 1049 1094 1110 diu
1204 1047 1236 1100 su

299 1150 371 1193 casu
387 1131 542 1211 pependit,
559 1149 607 1192 me
622 1149 707 1192 meus
724 1133 812 1192 traxit
826 1133 922 1194 statim

298 1218 363 1277 siue
378 1225 459 1276 sorte
474 1216 620 1278 dominus.
650 1234 740 1278 causa
756 1216 902 1278 hellurum
917 1217 959 1280 lui

298 1309 457 1380 tantaeque
472 1300 596 1362 Teucris
611 1300 711 1362 cladis.
743 1301 799 1362 hnc
814 1320 920 1362 uerum
935 1310 1015 1382 puta.

264 1388 290 1448 d'
343 1386 488 1466 Spartana
502 1394 602 1448 uestra
617 1403 718 1466 puppe
733 1388 758 1447 si
773 1389 853 1448 secui
868 1388 958 1456 lreta,

298 1472 324 1532 si
339 1479 423 1550 rapta
439 1469 571 1550 phrygiis
585 1471 696 1552 praeda
711 1471 874 1551 remigibus
889 1473 929 1534 lui
995 1483 1001 1497 ’

299 1556 438 1636 deditque
455 1556 565 1616 dunum
581 1555 672 1616 iudici
687 1557 791 1620 uictrix
808 1557 879 1618 dea:

297 1643 419 1720 ignosce
435 1641 543 1702 Paridi.
575 1640 702 1702 iudicem
717 1641 824 1702 iratum
841 1661 907 1703 mea

298 1725 436 1786 habitura
452 1744 540 1786 causa
557 1733 616 1787 est:

262 1812 297 1872 ‹l''
653 1809 712 1870 lsla
728 1808 894 1872 Menelaum
910 1820 1030 1874 manent

300 1894 434 1956 arbitria.
465 1913 544 1956 nunc
559 1895 637 1956 hanc
651 1893 780 1956 luctibus
795 1895 916 1973 paulum
933 1898 989 1958 tuis

299 1978 507 2041 Andromacha
524 1981 639 2042 omissis
654 1979 754 2042 llecte:
772 1982 820 2040 uix
837 1979 973 2044 lacrimas
988 2001 1063 2062 quen
1209 1979 1218 2025 ⁹

297 2065 437 2127 retinere.

298 2163 405 2210 nunu.
479 2158 621 2230 quantum
638 2158 684 2211 est
703 2149 813 2213 Helena
830 2151 909 2231 quod
925 2152 1057 2215 lacrimat
1072 2151 1178 2215 malum.
1250 2174 1251 2211 r

264 2261 280 2295 e
343 2235 402 2297 Cur
417 2232 551 2294 lacrimat
570 2236 687 2296 autem?
711 2234 791 2297 lare
807 2255 881 2315 quus
896 2238 1014 2299 ithacus
1030 2238 1128 2299 dolos

297 2339 374 2401 quae
389 2319 503 2381 scelera
519 2328 627 2381 nectat.
656 2329 756 2381 utrum
772 2320 810 2381 ab
826 2322 916 2383 idaeis
931 2324 1007 2401 iugis

297 2406 431 2468 iactanda
448 2406 535 2481 uirgo
551 2414 596 2465 est
610 2406 687 2465 arcis
703 2424 739 2466 an
756 2404 851 2467 celsae
867 2407 945 2467 edito

296 2491 439 2552 mittenda
456 2490 544 2551 saxol
567 2507 639 2571 uum
654 2508 709 2568 per
724 2490 778 2551 has
794 2498 908 2552 uastum
923 2493 953 2551 in
970 2511 1053 2555 mare
1208 2488 1218 2535 ⁹
1247 2510 1251 2575 J

296 2576 445 2637 uoluenda
462 2593 553 2654 rupes
567 2574 661 2637 latere
676 2593 749 2654 quas
764 2576 857 2636 scisso
873 2575 952 2637 leuat

296 2660 388 2723 altum
405 2659 516 2722 uadoso
533 2660 640 2739 Sigeon
655 2668 791 2740 spectans
808 2662 892 2723 sinu?

261 2746 286 2806 e'
340 2747 393 2809 Die
408 2747 491 2808 iare
507 2745 645 2825 quicquid
662 2744 804 2807 subdolo
820 2746 903 2807 uultu
919 2749 1004 2826 tegis.

296 2833 410 2894 leniora
425 2830 502 2892 mala
518 2838 587 2891 sunt
603 2839 708 2892 cuncta
724 2849 812 2910 quam
830 2832 939 2893 Priami
956 2850 1049 2911 gener

364 3072 413 3121 919
425 3068 559 3119 'Helenae
579 3072 621 3117 est
638 3068 679 3117 Ae
703 3082 732 3117 es
750 3074 773 3131 ψ
798 3072 841 3117 est
859 3084 904 3119 om.
924 3070 963 3118 ed.
982 3070 1060 3119 Ferre.
1083 3066 1095 3135 ΙΙ
1116 3068 1195 3119 durium

294 3141 415 3188 inuisum
428 3153 475 3187 um.
488 3142 551 3200 etrp
568 3132 580 3202 ΙΙ
596 3136 646 3185 924
663 3136 751 3186 uictor
764 3140 792 3184 el
803 3136 895 3185 nictus
907 3135 932 3185 E
950 3136 1012 3185 1314
1030 3136 1070 3203 (at
1085 3140 1197 3202 interpret

294 3223 349 3256 cum
367 3204 410 3268 A)
429 3205 520 3253 uictus
540 3208 568 3253 et
585 3205 673 3253 uictor
692 3204 716 3252 A
738 3200 750 3270 Η
772 3204 821 3253 926
840 3204 926 3253 trahil
945 3203 969 3252 E
984 3200 996 3270 ll
1012 3207 1062 3255 928
1080 3210 1194 3269 lauteque

240 3328 249 3337 ,
294 3274 320 3325 E
332 3268 344 3337 Η
355 3274 405 3323 929
418 3287 509 3337 puppe
523 3276 617 3321 uestra
628 3272 654 3320 Ε
671 3274 771 3337 puppis
782 3276 876 3321 uestra
890 3274 914 3322 A
927 3268 938 3338 d
951 3274 1029 3322 secui
1044 3274 1070 3323 Ε
1087 3268 1196 3323 secuitA

294 3346 392 3391 uest-ra
411 3356 504 3405 puppe
522 3340 619 3390 IGron.
635 3336 648 3405 ΙΙ
668 3340 693 3389 si
711 3342 751 3391 εΑ
771 3354 822 3402 que
841 3348 864 3403 ψ
881 3336 893 3406 ll
913 3342 964 3391 930
982 3340 1032 3391 Sin
1050 3343 1089 3393 εΑ
1109 3340 1137 3391 Si
1150 3347 1169 3403 ψ
1184 3336 1194 3397 ll

295 3412 345 3462 932
364 3424 426 3458 mea
445 3408 471 3457 Ε
480 3407 521 3456 ΓΕ
530 3408 604 3457 ΙΡαΙ.
623 3411 691 3473 puta
709 3410 734 3457 A
753 3408 788 3471 cf.
807 3409 857 3458 928
869 3404 880 3471 ΙΙ
897 3410 947 3459 933
966 3408 1042 3459 mille
1061 3402 1197 3460 neniumd'

293 3477 453 3529 Menelaum
472 3477 497 3525 A
510 3472 521 3541 ΙΙ
534 3477 585 3525 934
602 3475 719 3527 arbitrix
737 3476 762 3527 Ε
773 3471 786 3543 d
797 3478 847 3527 935
864 3477 929 3527 flete
943 3476 969 3525 Ε
981 3473 993 3544 ΙΙ
1005 3480 1055 3529 942
1073 3471 1198 3529 uadcsud'

293 3546 415 3597 uadosos
433 3544 458 3594 A
482 3539 495 3609 ss
518 3544 614 3609 signes
632 3543 658 3592 E
681 3546 778 3608 sigcon
796 3545 820 3593 A
844 3538 856 3609 Η
879 3545 969 3597 sinum
987 3546 1013 3595 E
1031 3548 1108 3597 sinus
1124 3543 1195 3597 Adi.

293 3616 376 3670 Gron.
395 3615 456 3665 sinu
477 3610 556 3662 Gran.
579 3606 592 3676 ΙΙ
