2750 4250
263 330 325 396 162
544 348 575 392 c.
593 346 728 394 assam
744 345 904 396 susscsn

347 493 378 546 et
391 502 489 564 nuper
504 484 607 545 rubuit
624 484 767 565 nullaque
782 486 889 546 lucidis

348 569 444 632 nubes
457 570 607 630 sordidior
620 563 754 632 uultibus
770 571 890 631 obstitit

390 743 427 800 tt
441 757 497 799 nos
511 738 630 800 solliciti
644 741 765 800 numine
780 740 900 802 turbido

346 832 472 885 tractam
487 823 652 886 thessalicis
666 826 849 886 carminibus
864 827 922 888 rati

346 910 469 969 tinnitus
484 909 634 970 dedimus:
658 917 690 970 tu
707 911 807 972 lucras
821 908 907 971 labor

347 1001 378 1055 et
396 1002 429 1055 tu
443 1011 532 1055 causa
548 1011 668 1061 morae.
691 1004 721 1055 te
737 994 791 1056 dea
807 996 938 1056 noctium

348 1079 419 1140 dum
434 1087 550 1157 spectat
563 1080 677 1140 celeres
692 1081 831 1141 sustinuit
844 1081 917 1140 nias

390 1331 485 1404 Quam
501 1340 582 1410 grata
599 1344 644 1394 est
658 1335 748 1395 iacies
763 1340 848 1394 torua
864 1332 1005 1407 uiriliter,

346 1425 376 1477 et
389 1417 507 1497 pondus
521 1419 631 1479 ueteris
646 1421 730 1479 triste
745 1418 885 1497 supercili

344 1680 455 1732 uexent
469 1672 545 1731 hanc
560 1672 666 1732 faeiem
681 1673 791 1750 frigora
809 1674 941 1752 parcius,

344 1757 420 1817 baec
434 1755 525 1817 solem
542 1755 632 1817 facies
647 1759 745 1817 rarius
759 1765 891 1836 appetat:

345 1840 458 1902 lucebit
473 1842 555 1920 pario
570 1859 721 1902 marmore
737 1843 855 1903 clarius,

345 1924 468 1986 Phoebo
483 1924 558 1987 colla
573 1926 642 1987 lieet
656 1924 808 2005 splendida
825 1945 978 2006 conpares.

388 2094 474 2157 lllum
489 2097 635 2158 caesaries
650 2098 749 2158 nescia
767 2096 875 2176 conligi

344 2182 526 2259 perfundens
542 2201 662 2244 umcros
678 2190 765 2244 ornat
780 2192 809 2247 et
824 2184 942 2261 integit,

346 2274 375 2327 te
391 2267 475 2327 frons
491 2267 566 2327 hirta
583 2267 668 2328 decet
684 2274 714 2328 te
730 2267 851 2328 breuior
868 2285 952 2328 corna

344 2349 427 2414 nulla
442 2350 507 2429 lege
522 2353 631 2414 iacens.
662 2360 695 2414 tu
710 2351 779 2413 licet
794 2370 916 2432 asperos

343 2454 553 2516 pugnacesque
568 2438 640 2512 deos
656 2437 770 2498 utribus
786 2438 895 2499 audeas

344 2530 374 2582 et
387 2524 463 2584 uasti
477 2524 572 2600 spatio
587 2524 709 2584 uincere
726 2525 875 2601 corporis:

345 2625 454 2686 aequas
468 2605 626 2668 herculeos
642 2624 710 2668 nam
726 2608 841 2669 iuuenis
856 2614 938 2669 toros
1027 2624 1050 2665 r.
1061 2624 1192 2669 cxxvuu
1208 2620 1249 2669 815

344 2690 445 2751 Martis
460 2690 595 2769 belligeri
610 2699 733 2770 pectore
749 2692 847 2755 latior.
1207 2704 1250 2755 stt

387 2861 469 2922 litto
484 2862 651 2942 thyrsigera
666 2860 758 2923 Liber
773 2862 809 2922 ab
825 2864 922 2933 India,
1206 2875 1255 2925 tot

343 2949 460 3009 intonsa
475 2948 593 3008 iuuenis
607 2954 787 3026 perpetuum
803 2967 887 3010 coma

343 3035 436 3113 tigres
450 3034 608 3113 pampinea
624 3034 747 3111 cuspide
762 3035 904 3095 territans

342 3137 378 3180 ac
392 3120 480 3178 mitra
495 3117 639 3179 cohibens
654 3120 846 3196 cornigerum
863 3125 965 3197 eaput,

342 3220 403 3264 non
418 3204 521 3264 uinces
536 3204 646 3281 rigidas
661 3203 813 3283 Hippolyti
828 3220 936 3263 eomas.
1207 3216 1250 3264 765

344 3306 404 3350 neu
418 3287 519 3351 uultus
535 3290 658 3350 nimium
674 3289 819 3367 suspicias
835 3295 915 3349 tuos:

326 3442 376 3493 ’188
393 3441 496 3492 lumine
515 3444 540 3492 Α
559 3443 670 3492 numine
681 3441 714 3491 ·E
726 3436 739 3509 Η
754 3443 813 3493 806.
831 3442 881 3493 807
900 3442 948 3493 huc
965 3444 1100 3507 reuocans,
1120 3454 1188 3509 post

256 3524 301 3561 eos
320 3510 482 3561 intercidisse
500 3513 620 3561 uidentur
638 3512 687 3561 duo
705 3527 745 3563 uu.
759 3506 770 3575 ΙΙ
782 3507 855 3562 8121).
869 3512 928 3562 813.
942 3511 994 3561 814
1005 3513 1108 3575 spurios
1123 3528 1187 3565 esse

251 3584 329 3643 putat
346 3577 465 3644 Scatiper
486 3574 498 3644 Ι]
522 3580 572 3629 813
597 3594 696 3629 arceas
715 3578 740 3627 A
762 3578 866 3629 audeas
885 3579 910 3628 E
932 3574 944 3647 ΙΙ
968 3580 1018 3630 815
1040 3594 1102 3630 nam
1130 3580 1187 3649 Εψ

254 3645 311 3697 ism
329 3661 348 3696 α
372 3642 385 3712 ΙΙ
408 3648 457 3697 766
475 3663 509 3695 ne
528 3646 579 3695 ΕΑ
598 3661 659 3695 neu
676 3648 709 3697 ei.
731 3646 809 3697 Gran.
833 3644 845 3713 ΙΙ
