<?xml version="1.0" encoding="UTF-8"?>
<!DOCTYPE html PUBLIC "-//W3C//DTD XHTML 1.0 Transitional//EN"
    "http://www.w3.org/TR/xhtml1/DTD/xhtml1-transitional.dtd">
<html xmlns="http://www.w3.org/1999/xhtml" xml:lang="en" lang="en">
 <head>
  <title>
</title>
<meta http-equiv="Content-Type" content="text/html;charset=utf-8" />
  <meta name='ocr-system' content='tesseract 3.04.00' />
  <meta name='ocr-capabilities' content='ocr_page ocr_carea ocr_par ocr_line ocrx_word'/>
</head>
<body>
  <div class='ocr_page' id='page_1' title='image "./tragoediaeacced00richgoog/tragoediaeacced00richgoog_0130.png"; bbox 0 0 2750 4250; ppageno 0'>
   <div class='ocr_carea' id='block_1_1' title="bbox 509 344 733 395">
    <p class='ocr_par' dir='ltr' id='par_1_1' title="bbox 509 344 733 395">
     <span class='ocr_line' id='line_1_1' title="bbox 509 344 733 395; baseline 0.027 -8"><span class='ocrx_word' id='word_1_1' title='bbox 509 371 516 387; x_wconf 87' lang='grc'><strong>.</strong></span> <span class='ocrx_word' id='word_1_2' title='bbox 552 344 733 395; x_wconf 73' lang='lat' dir='ltr'>&#39;rmnsnns</span> 
     </span>
    </p>
   </div>
   <div class='ocr_carea' id='block_1_2' title="bbox 161 487 1171 1586">
    <p class='ocr_par' dir='ltr' id='par_1_2' title="bbox 161 487 1171 1586">
     <span class='ocr_line' id='line_1_2' title="bbox 195 487 496 567; baseline -0.003 -19"><span class='ocrx_word' id='word_1_3' title='bbox 195 487 347 567; x_wconf 82' lang='lat' dir='ltr'>foedusque</span> <span class='ocrx_word' id='word_1_4' title='bbox 363 489 496 565; x_wconf 81' lang='lat' dir='ltr'>iungent.</span> 
     </span>
     <span class='ocr_line' id='line_1_3' title="bbox 195 571 1006 652; baseline -0.001 -19"><span class='ocrx_word' id='word_1_5' title='bbox 195 585 287 634; x_wconf 76' lang='lat' dir='ltr'>Tnnn.</span> <span class='ocrx_word' id='word_1_6' title='bbox 533 590 621 652; x_wconf 89' lang='lat' dir='ltr'>qnam</span> <span class='ocrx_word' id='word_1_7' title='bbox 636 580 735 632; x_wconf 85' lang='lat' dir='ltr'>tamen</span> <span class='ocrx_word' id='word_1_8' title='bbox 752 571 886 633; x_wconf 78' lang='lat' dir='ltr'>fraudem</span> <span class='ocrx_word' id='word_1_9' title='bbox 901 572 1006 633; x_wconf 72' lang='lat' dir='ltr'>times?</span> 
     </span>
     <span class='ocr_line' id='line_1_4' title="bbox 163 646 1073 736; baseline 0.001 -19"><span class='ocrx_word' id='word_1_10' title='bbox 163 646 183 702; x_wconf 81' lang='lat' dir='ltr'>b&#39;</span> <span class='ocrx_word' id='word_1_11' title='bbox 231 670 306 718; x_wconf 77' lang='grc' dir='ltr'><strong><em>ΤΗΥ.</em></strong></span> <span class='ocrx_word' id='word_1_12' title='bbox 331 656 474 718; x_wconf 82' lang='lat' dir='ltr'>Omnem:</span> <span class='ocrx_word' id='word_1_13' title='bbox 489 657 590 719; x_wconf 75' lang='lat' dir='ltr'>fimori</span> <span class='ocrx_word' id='word_1_14' title='bbox 602 674 693 736; x_wconf 86' lang='lat' dir='ltr'>quem</span> <span class='ocrx_word' id='word_1_15' title='bbox 709 673 775 718; x_wconf 90' lang='lat' dir='ltr'>meo</span> <span class='ocrx_word' id='word_1_16' title='bbox 790 665 916 718; x_wconf 85' lang='lat' dir='ltr'>statuam</span> <span class='ocrx_word' id='word_1_17' title='bbox 932 656 1073 719; x_wconf 69' lang='lat' dir='ltr'>modum?</span> 
     </span>
     <span class='ocr_line' id='line_1_5' title="bbox 193 740 653 822; baseline -0.007 -18"><span class='ocrx_word' id='word_1_18' title='bbox 193 751 297 804; x_wconf 86' lang='lat' dir='ltr'>tantum</span> <span class='ocrx_word' id='word_1_19' title='bbox 311 749 411 820; x_wconf 91' lang='lat' dir='ltr'>potest</span> <span class='ocrx_word' id='word_1_20' title='bbox 426 749 569 822; x_wconf 87' lang='lat' dir='ltr'>quantum</span> <span class='ocrx_word' id='word_1_21' title='bbox 584 740 653 803; x_wconf 88' lang='lat' dir='ltr'>odit.</span> 
     </span>
     <span class='ocr_line' id='line_1_6' title="bbox 193 825 1001 908; baseline 0 -20"><span class='ocrx_word' id='word_1_22' title='bbox 193 840 284 888; x_wconf 74' lang='lat' dir='ltr'>rann.</span> <span class='ocrx_word' id='word_1_23' title='bbox 710 827 740 888; x_wconf 95' lang='lat' dir='ltr'>in</span> <span class='ocrx_word' id='word_1_24' title='bbox 756 834 785 888; x_wconf 86' lang='lat' dir='ltr'>te</span> <span class='ocrx_word' id='word_1_25' title='bbox 799 825 871 908; x_wconf 85' lang='lat' dir='ltr'>quid</span> <span class='ocrx_word' id='word_1_26' title='bbox 885 829 1001 907; x_wconf 70' lang='lat' dir='ltr'>potostt</span> 
     </span>
     <span class='ocr_line' id='line_1_7' title="bbox 194 910 1169 990; baseline 0.002 -19"><span class='ocrx_word' id='word_1_27' title='bbox 194 925 265 973; x_wconf 71' lang='lat' dir='ltr'>nnn.</span> <span class='ocrx_word' id='word_1_28' title='bbox 286 929 344 990; x_wconf 90' lang='lat' dir='ltr'>pro</span> <span class='ocrx_word' id='word_1_29' title='bbox 358 929 409 973; x_wconf 89' lang='lat' dir='ltr'>me</span> <span class='ocrx_word' id='word_1_30' title='bbox 422 910 498 973; x_wconf 89' lang='lat' dir='ltr'>nihil</span> <span class='ocrx_word' id='word_1_31' title='bbox 512 912 569 973; x_wconf 91' lang='lat' dir='ltr'>iam</span> <span class='ocrx_word' id='word_1_32' title='bbox 585 919 702 982; x_wconf 90' lang='lat' dir='ltr'>metno,</span> <span class='ocrx_word' id='word_1_33' title='bbox 718 929 773 973; x_wconf 88' lang='lat' dir='ltr'>nos</span> <span class='ocrx_word' id='word_1_34' title='bbox 787 912 883 974; x_wconf 81' lang='lat' dir='ltr'>iaeitis</span> <span class='ocrx_word' id='word_1_35' title='bbox 899 911 972 974; x_wconf 89' lang='lat' dir='ltr'>mihi</span> <span class='ocrx_word' id='word_1_36' title='bbox 1119 913 1169 966; x_wconf 79' lang='lat'>485</span> 
     </span>
     <span class='ocr_line' id='line_1_8' title="bbox 193 997 461 1058; baseline 0 0"><span class='ocrx_word' id='word_1_37' title='bbox 193 998 271 1058; x_wconf 75' lang='lat' dir='ltr'>Atrea</span> <span class='ocrx_word' id='word_1_38' title='bbox 285 997 461 1058; x_wconf 87' lang='lat' dir='ltr'>timendum.</span> 
     </span>
     <span class='ocr_line' id='line_1_9' title="bbox 194 1081 833 1161; baseline 0 -19"><span class='ocrx_word' id='word_1_39' title='bbox 194 1094 285 1143; x_wconf 76' lang='lat' dir='ltr'>rann.</span> <span class='ocrx_word' id='word_1_40' title='bbox 497 1081 595 1161; x_wconf 86' lang='lat' dir='ltr'>deoipi</span> <span class='ocrx_word' id='word_1_41' title='bbox 610 1087 715 1161; x_wconf 85' lang='lat' dir='ltr'>eaptus</span> <span class='ocrx_word' id='word_1_42' title='bbox 730 1083 833 1143; x_wconf 78' lang='lat' dir='ltr'>times?</span> 
     </span>
     <span class='ocr_line' id='line_1_10' title="bbox 161 1165 999 1246; baseline -0.004 -15"><span class='ocrx_word' id='word_1_43' title='bbox 161 1229 163 1231; x_wconf 76' lang='grc'><strong>,</strong></span> <span class='ocrx_word' id='word_1_44' title='bbox 195 1180 267 1227; x_wconf 77' lang='grc' dir='ltr'>ΤΗΥ.</span> <span class='ocrx_word' id='word_1_45' title='bbox 289 1184 391 1228; x_wconf 86' lang='lat' dir='ltr'>serum</span> <span class='ocrx_word' id='word_1_46' title='bbox 406 1174 452 1228; x_wconf 86' lang='lat' dir='ltr'>est</span> <span class='ocrx_word' id='word_1_47' title='bbox 466 1166 592 1229; x_wconf 81' lang='lat' dir='ltr'>cauendi</span> <span class='ocrx_word' id='word_1_48' title='bbox 605 1175 726 1246; x_wconf 90' lang='lat' dir='ltr'>tempus</span> <span class='ocrx_word' id='word_1_49' title='bbox 740 1167 771 1228; x_wconf 91' lang='lat' dir='ltr'>in</span> <span class='ocrx_word' id='word_1_50' title='bbox 786 1165 891 1228; x_wconf 86' lang='lat' dir='ltr'>mediis</span> <span class='ocrx_word' id='word_1_51' title='bbox 905 1165 999 1228; x_wconf 86' lang='lat' dir='ltr'>malis.</span> 
     </span>
     <span class='ocr_line' id='line_1_11' title="bbox 176 1251 896 1331; baseline 0 -19"><span class='ocrx_word' id='word_1_52' title='bbox 176 1252 187 1303; x_wconf 79' lang='lat' dir='ltr'>f</span> <span class='ocrx_word' id='word_1_53' title='bbox 235 1251 332 1313; x_wconf 86' lang='lat' dir='ltr'>Eatnr.</span> <span class='ocrx_word' id='word_1_54' title='bbox 362 1269 455 1313; x_wconf 90' lang='lat' dir='ltr'>nnnm</span> <span class='ocrx_word' id='word_1_55' title='bbox 470 1252 586 1331; x_wconf 80' lang='lat' dir='ltr'>genitor</span> <span class='ocrx_word' id='word_1_56' title='bbox 600 1252 658 1313; x_wconf 82' lang='lat' dir='ltr'>hoc</span> <span class='ocrx_word' id='word_1_57' title='bbox 672 1258 768 1314; x_wconf 87' lang='lat' dir='ltr'>testor</span> <span class='ocrx_word' id='word_1_58' title='bbox 782 1261 896 1314; x_wconf 89' lang='lat' dir='ltr'>tamen:</span> 
     </span>
     <span class='ocr_line' id='line_1_12' title="bbox 195 1336 614 1417; baseline -0.002 -19"><span class='ocrx_word' id='word_1_59' title='bbox 195 1353 244 1414; x_wconf 78' lang='lat' dir='ltr'>ego</span> <span class='ocrx_word' id='word_1_60' title='bbox 257 1354 311 1398; x_wconf 89' lang='lat' dir='ltr'>nos</span> <span class='ocrx_word' id='word_1_61' title='bbox 325 1353 436 1417; x_wconf 82' lang='lat' dir='ltr'>sequor</span> <span class='ocrx_word' id='word_1_62' title='bbox 451 1354 512 1399; x_wconf 93' lang='lat' dir='ltr'>non</span> <span class='ocrx_word' id='word_1_63' title='bbox 527 1336 614 1400; x_wconf 86' lang='lat' dir='ltr'>duoo.</span> 
     </span>
     <span class='ocr_line' id='line_1_13' title="bbox 195 1421 885 1500; baseline 0.001 -19"><span class='ocrx_word' id='word_1_64' title='bbox 195 1434 288 1484; x_wconf 76' lang='lat' dir='ltr'>rann.</span> <span class='ocrx_word' id='word_1_65' title='bbox 656 1422 797 1500; x_wconf 86' lang='lat' dir='ltr'>respiciet</span> <span class='ocrx_word' id='word_1_66' title='bbox 812 1421 885 1484; x_wconf 87' lang='lat' dir='ltr'>dens</span> 
     </span>
     <span class='ocr_line' id='line_1_14' title="bbox 195 1504 1171 1586; baseline 0.002 -20"><span class='ocrx_word' id='word_1_67' title='bbox 195 1504 263 1568; x_wconf 90' lang='lat' dir='ltr'>hene</span> <span class='ocrx_word' id='word_1_68' title='bbox 278 1508 414 1585; x_wconf 77' lang='lat' dir='ltr'>cogitata.</span> <span class='ocrx_word' id='word_1_69' title='bbox 432 1543 474 1552; x_wconf 86' lang='lat'>-</span> <span class='ocrx_word' id='word_1_70' title='bbox 488 1525 580 1586; x_wconf 84' lang='lat' dir='ltr'>perge</span> <span class='ocrx_word' id='word_1_71' title='bbox 594 1523 655 1568; x_wconf 91' lang='lat' dir='ltr'>non</span> <span class='ocrx_word' id='word_1_72' title='bbox 670 1507 761 1569; x_wconf 89' lang='lat' dir='ltr'>dnbio</span> <span class='ocrx_word' id='word_1_73' title='bbox 777 1505 880 1584; x_wconf 86' lang='lat' dir='ltr'>gradu.</span> <span class='ocrx_word' id='word_1_74' title='bbox 1120 1508 1171 1560; x_wconf 77' lang='lat'>490</span> 
     </span>
    </p>
   </div>
   <div class='ocr_carea' id='block_1_3' title="bbox 195 1703 1101 1756">
    <p class='ocr_par' dir='ltr' id='par_1_3' title="bbox 195 1703 1101 1756">
     <span class='ocr_line' id='line_1_15' title="bbox 195 1703 1101 1756; baseline -0.001 -4"><span class='ocrx_word' id='word_1_75' title='bbox 195 1705 329 1755; x_wconf 75' lang='lat' dir='ltr'>ATREVS.</span> <span class='ocrx_word' id='word_1_76' title='bbox 346 1704 536 1756; x_wconf 74' lang='lat' dir='ltr'>rmnsrns.</span> <span class='ocrx_word' id='word_1_77' title='bbox 552 1705 737 1756; x_wconf 71' lang='lat' dir='ltr'>TANTALVS</span> <span class='ocrx_word' id='word_1_78' title='bbox 747 1703 964 1756; x_wconf 78' lang='lat' dir='ltr'>Pnlsnnnnns</span> <span class='ocrx_word' id='word_1_79' title='bbox 975 1703 1101 1755; x_wconf 80' lang='lat' dir='ltr'>rnclni.</span> 
     </span>
    </p>
   </div>
   <div class='ocr_carea' id='block_1_4' title="bbox 124 1827 1171 3016">
    <p class='ocr_par' dir='ltr' id='par_1_4' title="bbox 124 1827 1171 3016">
     <span class='ocr_line' id='line_1_16' title="bbox 124 1827 831 1909; baseline -0.003 -17"><span class='ocrx_word' id='word_1_80' title='bbox 124 1881 129 1892; x_wconf 89' lang='lat'>.</span> <span class='ocrx_word' id='word_1_81' title='bbox 170 1845 183 1879; x_wconf 60' lang='grc' dir='ltr'>α</span> <span class='ocrx_word' id='word_1_82' title='bbox 233 1827 326 1908; x_wconf 81' lang='lat' dir='ltr'><strong>Plagis</strong></span> <span class='ocrx_word' id='word_1_83' title='bbox 341 1836 461 1892; x_wconf 86' lang='lat' dir='ltr'>tenetur</span> <span class='ocrx_word' id='word_1_84' title='bbox 475 1828 574 1892; x_wconf 83' lang='lat' dir='ltr'>clausa</span> <span class='ocrx_word' id='word_1_85' title='bbox 590 1829 738 1909; x_wconf 75' lang='lat' dir='ltr'>dispositis</span> <span class='ocrx_word' id='word_1_86' title='bbox 752 1828 831 1891; x_wconf 86' lang='lat' dir='ltr'>iera:</span> 
     </span>
     <span class='ocr_line' id='line_1_17' title="bbox 198 1913 830 1993; baseline 0.003 -19"><span class='ocrx_word' id='word_1_87' title='bbox 198 1918 223 1974; x_wconf 89' lang='lat' dir='ltr'>et</span> <span class='ocrx_word' id='word_1_88' title='bbox 235 1915 329 1993; x_wconf 91' lang='lat' dir='ltr'>ipsum</span> <span class='ocrx_word' id='word_1_89' title='bbox 345 1923 375 1975; x_wconf 84' lang='lat' dir='ltr'>et</span> <span class='ocrx_word' id='word_1_90' title='bbox 389 1932 448 1976; x_wconf 86' lang='lat' dir='ltr'>nna</span> <span class='ocrx_word' id='word_1_91' title='bbox 463 1917 583 1991; x_wconf 83' lang='lat' dir='ltr'>generis</span> <span class='ocrx_word' id='word_1_92' title='bbox 597 1915 686 1976; x_wconf 89' lang='lat' dir='ltr'>innisi</span> <span class='ocrx_word' id='word_1_93' title='bbox 700 1913 830 1976; x_wconf 87' lang='lat' dir='ltr'>indolem</span> 
     </span>
     <span class='ocr_line' id='line_1_18' title="bbox 196 1997 818 2079; baseline 0.006 -21"><span class='ocrx_word' id='word_1_94' title='bbox 196 1997 318 2060; x_wconf 83' lang='lat' dir='ltr'>iunctam</span> <span class='ocrx_word' id='word_1_95' title='bbox 332 2001 450 2079; x_wconf 85' lang='lat' dir='ltr'>parenti</span> <span class='ocrx_word' id='word_1_96' title='bbox 468 2017 569 2062; x_wconf 89' lang='lat' dir='ltr'>cerno.</span> <span class='ocrx_word' id='word_1_97' title='bbox 599 2000 656 2061; x_wconf 85' lang='lat' dir='ltr'>iam</span> <span class='ocrx_word' id='word_1_98' title='bbox 672 2006 736 2060; x_wconf 88' lang='lat' dir='ltr'>tuto</span> <span class='ocrx_word' id='word_1_99' title='bbox 751 1998 818 2062; x_wconf 84' lang='lat' dir='ltr'>loto</span> 
     </span>
     <span class='ocr_line' id='line_1_19' title="bbox 197 2085 838 2148; baseline 0.006 -5"><span class='ocrx_word' id='word_1_100' title='bbox 197 2091 346 2147; x_wconf 85' lang='lat' dir='ltr'>uersantm</span> <span class='ocrx_word' id='word_1_101' title='bbox 361 2085 442 2147; x_wconf 87' lang='lat' dir='ltr'>odia:</span> <span class='ocrx_word' id='word_1_102' title='bbox 458 2085 542 2148; x_wconf 91' lang='lat' dir='ltr'>uenit</span> <span class='ocrx_word' id='word_1_103' title='bbox 554 2085 585 2145; x_wconf 91' lang='lat' dir='ltr'>in</span> <span class='ocrx_word' id='word_1_104' title='bbox 600 2091 719 2147; x_wconf 87' lang='lat' dir='ltr'>nostras</span> <span class='ocrx_word' id='word_1_105' title='bbox 733 2102 838 2147; x_wconf 88' lang='lat' dir='ltr'>manns</span> 
     </span>
     <span class='ocr_line' id='line_1_20' title="bbox 197 2169 1171 2251; baseline 0.003 -21"><span class='ocrx_word' id='word_1_106' title='bbox 197 2169 307 2231; x_wconf 81' lang='lat' dir='ltr'>tandem</span> <span class='ocrx_word' id='word_1_107' title='bbox 321 2172 480 2250; x_wconf 79' lang='lat' dir='ltr'>Thyestes,</span> <span class='ocrx_word' id='word_1_108' title='bbox 497 2171 593 2239; x_wconf 88' lang='lat' dir='ltr'>uenit,</span> <span class='ocrx_word' id='word_1_109' title='bbox 610 2177 641 2231; x_wconf 87' lang='lat' dir='ltr'>et</span> <span class='ocrx_word' id='word_1_110' title='bbox 654 2178 735 2231; x_wconf 83' lang='lat' dir='ltr'>totus</span> <span class='ocrx_word' id='word_1_111' title='bbox 750 2171 877 2251; x_wconf 86' lang='lat' dir='ltr'>quidem.</span> <span class='ocrx_word' id='word_1_112' title='bbox 1120 2170 1171 2223; x_wconf 79' lang='lat'>495</span> 
     </span>
     <span class='ocr_line' id='line_1_21' title="bbox 171 2251 953 2335; baseline 0.005 -24"><span class='ocrx_word' id='word_1_113' title='bbox 171 2251 185 2303; x_wconf 90' lang='lat' dir='ltr'>b</span> <span class='ocrx_word' id='word_1_114' title='bbox 237 2253 287 2315; x_wconf 84' lang='lat' dir='ltr'>Vix</span> <span class='ocrx_word' id='word_1_115' title='bbox 301 2265 437 2335; x_wconf 89' lang='lat' dir='ltr'>tempero</span> <span class='ocrx_word' id='word_1_116' title='bbox 452 2256 565 2326; x_wconf 88' lang='lat' dir='ltr'>animo,</span> <span class='ocrx_word' id='word_1_117' title='bbox 581 2257 632 2316; x_wconf 87' lang='lat' dir='ltr'>uix</span> <span class='ocrx_word' id='word_1_118' title='bbox 648 2254 735 2317; x_wconf 86' lang='lat' dir='ltr'>dolor</span> <span class='ocrx_word' id='word_1_119' title='bbox 750 2256 850 2317; x_wconf 81' lang='lat' dir='ltr'>frenos</span> <span class='ocrx_word' id='word_1_120' title='bbox 866 2256 953 2333; x_wconf 83' lang='lat' dir='ltr'>capit.</span> 
     </span>
     <span class='ocr_line' id='line_1_22' title="bbox 197 2338 802 2420; baseline 0.005 -22"><span class='ocrx_word' id='word_1_121' title='bbox 197 2338 234 2399; x_wconf 87' lang='lat' dir='ltr'>sio</span> <span class='ocrx_word' id='word_1_122' title='bbox 248 2358 314 2401; x_wconf 86' lang='lat' dir='ltr'>eum</span> <span class='ocrx_word' id='word_1_123' title='bbox 327 2342 407 2402; x_wconf 87' lang='lat' dir='ltr'>feras</span> <span class='ocrx_word' id='word_1_124' title='bbox 422 2343 549 2420; x_wconf 86' lang='lat' dir='ltr'>uestigat</span> <span class='ocrx_word' id='word_1_125' title='bbox 563 2349 594 2402; x_wconf 91' lang='lat' dir='ltr'>et</span> <span class='ocrx_word' id='word_1_126' title='bbox 607 2340 697 2420; x_wconf 78' lang='lat' dir='ltr'>longo</span> <span class='ocrx_word' id='word_1_127' title='bbox 713 2358 802 2419; x_wconf 81' lang='lat' dir='ltr'>sagax</span> 
     </span>
     <span class='ocr_line' id='line_1_23' title="bbox 198 2422 762 2505; baseline 0.009 -23"><span class='ocrx_word' id='word_1_128' title='bbox 198 2422 256 2485; x_wconf 88' lang='lat' dir='ltr'>loro</span> <span class='ocrx_word' id='word_1_129' title='bbox 270 2434 387 2488; x_wconf 87' lang='lat' dir='ltr'>tenetur</span> <span class='ocrx_word' id='word_1_130' title='bbox 404 2426 512 2488; x_wconf 87' lang='lat' dir='ltr'>Vmber</span> <span class='ocrx_word' id='word_1_131' title='bbox 527 2445 563 2487; x_wconf 89' lang='lat' dir='ltr'>ao</span> <span class='ocrx_word' id='word_1_132' title='bbox 577 2444 681 2505; x_wconf 93' lang='lat' dir='ltr'>presso</span> <span class='ocrx_word' id='word_1_133' title='bbox 699 2428 762 2488; x_wconf 86' lang='lat' dir='ltr'>nias</span> 
     </span>
     <span class='ocr_line' id='line_1_24' title="bbox 199 2510 806 2590; baseline 0.01 -21"><span class='ocrx_word' id='word_1_134' title='bbox 199 2518 337 2572; x_wconf 82' lang='lat' dir='ltr'>serutatur</span> <span class='ocrx_word' id='word_1_135' title='bbox 352 2530 405 2573; x_wconf 91' lang='lat' dir='ltr'>ore</span> <span class='ocrx_word' id='word_1_136' title='bbox 420 2512 492 2573; x_wconf 91' lang='lat' dir='ltr'>dnm</span> <span class='ocrx_word' id='word_1_137' title='bbox 506 2510 613 2590; x_wconf 79' lang='lat' dir='ltr'>procui</span> <span class='ocrx_word' id='word_1_138' title='bbox 626 2511 707 2573; x_wconf 87' lang='lat' dir='ltr'>lento</span> <span class='ocrx_word' id='word_1_139' title='bbox 722 2528 806 2575; x_wconf 88' lang='lat' dir='ltr'>suem</span> 
     </span>
     <span class='ocr_line' id='line_1_25' title="bbox 200 2593 771 2676; baseline 0.009 -23"><span class='ocrx_word' id='word_1_140' title='bbox 200 2593 285 2657; x_wconf 88' lang='lat' dir='ltr'>odore</span> <span class='ocrx_word' id='word_1_141' title='bbox 298 2599 401 2658; x_wconf 85' lang='lat' dir='ltr'>sentit:</span> <span class='ocrx_word' id='word_1_142' title='bbox 424 2606 510 2676; x_wconf 89' lang='lat' dir='ltr'>paret</span> <span class='ocrx_word' id='word_1_143' title='bbox 524 2604 555 2658; x_wconf 88' lang='lat' dir='ltr'>et</span> <span class='ocrx_word' id='word_1_144' title='bbox 567 2598 656 2659; x_wconf 88' lang='lat' dir='ltr'>tacito</span> <span class='ocrx_word' id='word_1_145' title='bbox 671 2596 771 2659; x_wconf 85' lang='lat' dir='ltr'>locum</span> 
     </span>
     <span class='ocr_line' id='line_1_26' title="bbox 200 2681 885 2762; baseline 0.013 -24"><span class='ocrx_word' id='word_1_146' title='bbox 200 2687 289 2759; x_wconf 86' lang='lat' dir='ltr'>rostro</span> <span class='ocrx_word' id='word_1_147' title='bbox 303 2690 448 2761; x_wconf 80' lang='lat' dir='ltr'>pererrat.</span> <span class='ocrx_word' id='word_1_148' title='bbox 472 2683 583 2761; x_wconf 84' lang='lat' dir='ltr'>praeda</span> <span class='ocrx_word' id='word_1_149' title='bbox 599 2701 666 2744; x_wconf 83' lang='lat' dir='ltr'>oum</span> <span class='ocrx_word' id='word_1_150' title='bbox 681 2683 806 2762; x_wconf 89' lang='lat' dir='ltr'>propior</span> <span class='ocrx_word' id='word_1_151' title='bbox 822 2681 885 2747; x_wconf 80' lang='lat' dir='ltr'>init.</span> 
     </span>
     <span class='ocr_line' id='line_1_27' title="bbox 201 2766 787 2847; baseline 0.007 -24"><span class='ocrx_word' id='word_1_152' title='bbox 201 2766 309 2827; x_wconf 80' lang='lat' dir='ltr'>nemine</span> <span class='ocrx_word' id='word_1_153' title='bbox 322 2775 384 2829; x_wconf 85' lang='lat' dir='ltr'>tota</span> <span class='ocrx_word' id='word_1_154' title='bbox 398 2777 512 2847; x_wconf 76' lang='lat' dir='ltr'>pugnat</span> <span class='ocrx_word' id='word_1_155' title='bbox 527 2775 556 2828; x_wconf 86' lang='lat' dir='ltr'>et</span> <span class='ocrx_word' id='word_1_156' title='bbox 570 2770 683 2847; x_wconf 81' lang='lat' dir='ltr'>gemitu</span> <span class='ocrx_word' id='word_1_157' title='bbox 698 2776 787 2829; x_wconf 82' lang='lat' dir='ltr'>uocat</span> 
     </span>
     <span class='ocr_line' id='line_1_28' title="bbox 185 2848 896 2941; baseline 0.004 -33"><span class='ocrx_word' id='word_1_158' title='bbox 185 2848 342 2941; x_wconf 40' lang='lat' dir='ltr'>&#39;dominum</span> <span class='ocrx_word' id='word_1_159' title='bbox 357 2858 522 2915; x_wconf 79' lang='lat' dir='ltr'>morantem</span> <span class='ocrx_word' id='word_1_160' title='bbox 538 2871 629 2933; x_wconf 85' lang='lat' dir='ltr'>seque</span> <span class='ocrx_word' id='word_1_161' title='bbox 644 2852 785 2915; x_wconf 79' lang='lat' dir='ltr'>retinenti</span> <span class='ocrx_word' id='word_1_162' title='bbox 800 2850 896 2929; x_wconf 85' lang='lat' dir='ltr'>eripit.</span> 
     </span>
     <span class='ocr_line' id='line_1_29' title="bbox 170 2933 866 3016; baseline 0.001 -20"><span class='ocrx_word' id='word_1_163' title='bbox 170 2933 184 2982; x_wconf 80' lang='lat' dir='ltr'>t</span> <span class='ocrx_word' id='word_1_164' title='bbox 238 2937 306 2997; x_wconf 84' lang='lat' dir='ltr'>Cum</span> <span class='ocrx_word' id='word_1_165' title='bbox 321 2944 422 3016; x_wconf 87' lang='lat' dir='ltr'>sperat</span> <span class='ocrx_word' id='word_1_166' title='bbox 437 2940 480 2999; x_wconf 86' lang='lat' dir='ltr'>ira</span> <span class='ocrx_word' id='word_1_167' title='bbox 496 2940 670 3015; x_wconf 78' lang='lat' dir='ltr'>sangninem</span> <span class='ocrx_word' id='word_1_168' title='bbox 686 2938 782 2999; x_wconf 85' lang='lat' dir='ltr'>nescit</span> <span class='ocrx_word' id='word_1_169' title='bbox 796 2938 866 3013; x_wconf 82' lang='lat' dir='ltr'>tegi,</span> 
     </span>
    </p>
   </div>
   <div class='ocr_carea' id='block_1_5' title="bbox 203 3175 1109 3651">
    <p class='ocr_par' dir='ltr' id='par_1_5' title="bbox 203 3175 1109 3651">
     <span class='ocr_line' id='line_1_30' title="bbox 261 3175 1107 3241; baseline -0.002 -14"><span class='ocrx_word' id='word_1_170' title='bbox 261 3177 309 3227; x_wconf 84' lang='grc'>484</span> <span class='ocrx_word' id='word_1_171' title='bbox 332 3180 466 3240; x_wconf 81' lang='lat' dir='ltr'>qnantum</span> <span class='ocrx_word' id='word_1_172' title='bbox 488 3193 513 3241; x_wconf 91' lang='lat' dir='ltr'>p.</span> <span class='ocrx_word' id='word_1_173' title='bbox 538 3181 607 3226; x_wconf 86' lang='lat' dir='ltr'>tant.</span> <span class='ocrx_word' id='word_1_174' title='bbox 626 3175 668 3226; x_wconf 86' lang='lat' dir='ltr'>od.</span> <span class='ocrx_word' id='word_1_175' title='bbox 694 3192 712 3225; x_wconf 84' lang='grc' dir='ltr'><strong>α</strong></span> <span class='ocrx_word' id='word_1_176' title='bbox 748 3179 855 3225; x_wconf 82' lang='lat' dir='ltr'>tantum</span> <span class='ocrx_word' id='word_1_177' title='bbox 878 3189 904 3239; x_wconf 91' lang='lat' dir='ltr'>p.</span> <span class='ocrx_word' id='word_1_178' title='bbox 928 3175 1061 3238; x_wconf 78' lang='lat' dir='ltr'>quantum</span> <span class='ocrx_word' id='word_1_179' title='bbox 1083 3188 1107 3226; x_wconf 89' lang='lat' dir='ltr'>o.</span> 
     </span>
     <span class='ocr_line' id='line_1_31' title="bbox 203 3237 1107 3309; baseline -0.003 -16"><span class='ocrx_word' id='word_1_180' title='bbox 203 3239 246 3305; x_wconf 78' lang='grc' dir='ltr'>Εψ</span> <span class='ocrx_word' id='word_1_181' title='bbox 261 3239 284 3308; x_wconf 94' lang='grc' dir='ltr'>ΙΙ</span> <span class='ocrx_word' id='word_1_182' title='bbox 317 3244 368 3295; x_wconf 84' lang='grc'>487</span> <span class='ocrx_word' id='word_1_183' title='bbox 396 3244 480 3296; x_wconf 88' lang='grc' dir='ltr'><em>ΤΗΥ.</em></span> <span class='ocrx_word' id='word_1_184' title='bbox 499 3260 547 3294; x_wconf 82' lang='lat' dir='ltr'>om.</span> <span class='ocrx_word' id='word_1_185' title='bbox 566 3262 587 3294; x_wconf 85' lang='lat' dir='ltr'>m</span> <span class='ocrx_word' id='word_1_186' title='bbox 610 3245 724 3295; x_wconf 79' lang='lat' dir='ltr'>restitnit</span> <span class='ocrx_word' id='word_1_187' title='bbox 742 3242 814 3293; x_wconf 66' lang='lat' dir='ltr'>Garat.</span> <span class='ocrx_word' id='word_1_188' title='bbox 844 3237 857 3309; x_wconf 82' lang='grc' dir='ltr'>[Ι</span> <span class='ocrx_word' id='word_1_189' title='bbox 884 3241 935 3293; x_wconf 82' lang='grc'>488</span> <span class='ocrx_word' id='word_1_190' title='bbox 953 3240 1037 3295; x_wconf 84' lang='grc' dir='ltr'>ΤΗΥ.</span> <span class='ocrx_word' id='word_1_191' title='bbox 1056 3246 1107 3305; x_wconf 68' lang='lat' dir='ltr'>cap,</span> 
     </span>
     <span class='ocr_line' id='line_1_32' title="bbox 203 3310 1108 3375; baseline 0.001 -17"><span class='ocrx_word' id='word_1_192' title='bbox 203 3312 291 3361; x_wconf 70' lang='lat' dir='ltr'>omri.</span> <span class='ocrx_word' id='word_1_193' title='bbox 318 3312 372 3362; x_wconf 88' lang='lat' dir='ltr'>hoo</span> <span class='ocrx_word' id='word_1_194' title='bbox 387 3312 535 3363; x_wconf 82' lang='lat' dir='ltr'>hortamen</span> <span class='ocrx_word' id='word_1_195' title='bbox 554 3318 596 3363; x_wconf 89' lang='lat' dir='ltr'>est</span> <span class='ocrx_word' id='word_1_196' title='bbox 613 3312 639 3362; x_wconf 81' lang='lat' dir='ltr'><em>A</em></span> <span class='ocrx_word' id='word_1_197' title='bbox 667 3312 703 3363; x_wconf 86' lang='lat' dir='ltr'>ni’</span> <span class='ocrx_word' id='word_1_198' title='bbox 723 3313 797 3363; x_wconf 85' lang='lat' dir='ltr'>ortnr</span> <span class='ocrx_word' id='word_1_199' title='bbox 814 3314 908 3361; x_wconf 82' lang='lat' dir='ltr'>tamen</span> <span class='ocrx_word' id='word_1_200' title='bbox 925 3310 949 3361; x_wconf 84' lang='lat' dir='ltr'><em>R</em></span> <span class='ocrx_word' id='word_1_201' title='bbox 968 3324 1049 3375; x_wconf 80' lang='lat' dir='ltr'>supra</span> <span class='ocrx_word' id='word_1_202' title='bbox 1065 3310 1108 3360; x_wconf 81' lang='lat' dir='ltr'>lin.</span> 
     </span>
     <span class='ocr_line' id='line_1_33' title="bbox 204 3374 1107 3447; baseline 0.003 -23"><span class='ocrx_word' id='word_1_203' title='bbox 204 3374 249 3425; x_wconf 88' lang='lat' dir='ltr'>hoe</span> <span class='ocrx_word' id='word_1_204' title='bbox 263 3384 348 3431; x_wconf 87' lang='lat' dir='ltr'>testor</span> <span class='ocrx_word' id='word_1_205' title='bbox 364 3384 461 3433; x_wconf 79' lang='lat' dir='ltr'>tamen</span> <span class='ocrx_word' id='word_1_206' title='bbox 478 3381 545 3431; x_wconf 75' lang='grc' dir='ltr'>ΕΕΕ</span> <span class='ocrx_word' id='word_1_207' title='bbox 567 3377 579 3447; x_wconf 77' lang='lat' dir='ltr'>l}</span> <span class='ocrx_word' id='word_1_208' title='bbox 602 3380 713 3431; x_wconf 85' lang='lat' dir='ltr'>Atreus.</span> <span class='ocrx_word' id='word_1_209' title='bbox 731 3378 868 3445; x_wconf 82' lang='lat' dir='ltr'>Thyestea</span> <span class='ocrx_word' id='word_1_210' title='bbox 886 3378 921 3429; x_wconf 82' lang='grc' dir='ltr'>Α.</span> <span class='ocrx_word' id='word_1_211' title='bbox 955 3374 1107 3427; x_wconf 82' lang='lat' dir='ltr'>ATREVS.</span> 
     </span>
     <span class='ocr_line' id='line_1_34' title="bbox 204 3441 1107 3512; baseline 0.001 -19"><span class='ocrx_word' id='word_1_212' title='bbox 204 3442 389 3499; x_wconf 77' lang='lat' dir='ltr'>THYESTES.</span> <span class='ocrx_word' id='word_1_213' title='bbox 424 3448 624 3503; x_wconf 82' lang='lat' dir='ltr'>TANTALVS.</span> <span class='ocrx_word' id='word_1_214' title='bbox 659 3444 901 3501; x_wconf 76' lang='lat' dir='ltr'>PLISTHENES.</span> <span class='ocrx_word' id='word_1_215' title='bbox 936 3441 1107 3512; x_wconf 72' lang='lat' dir='ltr'>TlAiCIlTiIi</span> 
     </span>
     <span class='ocr_line' id='line_1_35' title="bbox 205 3510 1108 3584; baseline 0 -17"><span class='ocrx_word' id='word_1_216' title='bbox 205 3510 257 3580; x_wconf 76' lang='grc' dir='ltr'>ΕΙΙ</span> <span class='ocrx_word' id='word_1_217' title='bbox 275 3518 323 3568; x_wconf 85' lang='grc'>493</span> <span class='ocrx_word' id='word_1_218' title='bbox 341 3518 370 3567; x_wconf 89' lang='lat' dir='ltr'>in</span> <span class='ocrx_word' id='word_1_219' title='bbox 387 3517 449 3568; x_wconf 86' lang='lat' dir='ltr'>loeo</span> <span class='ocrx_word' id='word_1_220' title='bbox 468 3518 493 3567; x_wconf 89' lang='grc' dir='ltr'><em>Α</em></span> <span class='ocrx_word' id='word_1_221' title='bbox 516 3521 546 3569; x_wconf 89' lang='lat' dir='ltr'>in</span> <span class='ocrx_word' id='word_1_222' title='bbox 564 3533 613 3569; x_wconf 86' lang='lat' dir='ltr'>om.</span> <span class='ocrx_word' id='word_1_223' title='bbox 632 3516 657 3567; x_wconf 88' lang='grc' dir='ltr'><em>Ε</em></span> <span class='ocrx_word' id='word_1_224' title='bbox 684 3512 698 3584; x_wconf 84' lang='grc' dir='ltr'>ΙΙ</span> <span class='ocrx_word' id='word_1_225' title='bbox 725 3516 776 3567; x_wconf 82' lang='grc'>496</span> <span class='ocrx_word' id='word_1_226' title='bbox 798 3514 893 3566; x_wconf 82' lang='lat' dir='ltr'>frenos</span> <span class='ocrx_word' id='word_1_227' title='bbox 911 3512 989 3566; x_wconf 84' lang='lat' dir='ltr'>dolor</span> <span class='ocrx_word' id='word_1_228' title='bbox 1006 3512 1032 3564; x_wconf 88' lang='grc' dir='ltr'><em>Ε</em></span> <span class='ocrx_word' id='word_1_229' title='bbox 1053 3512 1108 3567; x_wconf 85' lang='lat' dir='ltr'>dol.</span> 
     </span>
     <span class='ocr_line' id='line_1_36' title="bbox 205 3578 1109 3651; baseline 0.006 -23"><span class='ocrx_word' id='word_1_230' title='bbox 205 3578 265 3635; x_wconf 69' lang='lat' dir='ltr'>tra</span> <span class='ocrx_word' id='word_1_231' title='bbox 285 3580 298 3651; x_wconf 74' lang='grc' dir='ltr'>ΙΙ</span> <span class='ocrx_word' id='word_1_232' title='bbox 322 3587 372 3638; x_wconf 78' lang='grc'>497</span> <span class='ocrx_word' id='word_1_233' title='bbox 390 3587 467 3638; x_wconf 80' lang='lat' dir='ltr'>feres</span> <span class='ocrx_word' id='word_1_234' title='bbox 484 3586 511 3635; x_wconf 89' lang='grc' dir='ltr'><em>Ε</em></span> <span class='ocrx_word' id='word_1_235' title='bbox 524 3585 548 3648; x_wconf 88' lang='lat' dir='ltr'>(s</span> <span class='ocrx_word' id='word_1_236' title='bbox 564 3602 581 3635; x_wconf 87' lang='lat' dir='ltr'>n</span> <span class='ocrx_word' id='word_1_237' title='bbox 593 3601 624 3635; x_wconf 87' lang='lat' dir='ltr'>m.</span> <span class='ocrx_word' id='word_1_238' title='bbox 639 3584 675 3647; x_wconf 81' lang='lat'>2.)</span> <span class='ocrx_word' id='word_1_239' title='bbox 700 3580 713 3651; x_wconf 80' lang='lat' dir='ltr'>{l</span> <span class='ocrx_word' id='word_1_240' title='bbox 738 3584 863 3648; x_wconf 81' lang='lat' dir='ltr'>uestigat</span> <span class='ocrx_word' id='word_1_241' title='bbox 874 3581 900 3633; x_wconf 84' lang='lat' dir='ltr'><em>E</em></span> <span class='ocrx_word' id='word_1_242' title='bbox 919 3581 1015 3647; x_wconf 81' lang='lat' dir='ltr'>(ultima</span> <span class='ocrx_word' id='word_1_243' title='bbox 1033 3580 1109 3633; x_wconf 76' lang='lat' dir='ltr'>litere</span> 
     </span>
    </p>
   </div>
   <div class='ocr_carea' id='block_1_6' title="bbox 205 3644 1100 3721">
    <p class='ocr_par' dir='ltr' id='par_1_6' title="bbox 205 3644 1100 3721">
     <span class='ocr_line' id='line_1_37' title="bbox 205 3644 1100 3721; baseline -0.006 -16"><span class='ocrx_word' id='word_1_244' title='bbox 205 3662 260 3705; x_wconf 72' lang='lat' dir='ltr'>arn</span> <span class='ocrx_word' id='word_1_245' title='bbox 272 3653 307 3719; x_wconf 82' lang='lat'>2.)</span> <span class='ocrx_word' id='word_1_246' title='bbox 329 3649 342 3721; x_wconf 74' lang='lat' dir='ltr'>{l</span> <span class='ocrx_word' id='word_1_247' title='bbox 364 3653 416 3707; x_wconf 76' lang='lat'>498</span> <span class='ocrx_word' id='word_1_248' title='bbox 434 3654 490 3706; x_wconf 87' lang='lat' dir='ltr'>loto</span> <span class='ocrx_word' id='word_1_249' title='bbox 503 3654 528 3704; x_wconf 87' lang='grc' dir='ltr'><em>Ε</em></span> <span class='ocrx_word' id='word_1_250' title='bbox 546 3651 605 3707; x_wconf 86' lang='lat' dir='ltr'>loro</span> <span class='ocrx_word' id='word_1_251' title='bbox 618 3654 643 3705; x_wconf 82' lang='grc' dir='ltr'><em>Α</em></span> <span class='ocrx_word' id='word_1_252' title='bbox 667 3650 679 3718; x_wconf 81' lang='grc' dir='ltr'>ΙΙ</span> <span class='ocrx_word' id='word_1_253' title='bbox 708 3654 759 3707; x_wconf 78' lang='lat'>504</span> <span class='ocrx_word' id='word_1_254' title='bbox 775 3650 898 3717; x_wconf 60' lang='lat' dir='ltr'>spirate</span> <span class='ocrx_word' id='word_1_255' title='bbox 917 3656 1011 3716; x_wconf 77' lang='lat' dir='ltr'>speret</span> <span class='ocrx_word' id='word_1_256' title='bbox 1023 3644 1100 3716; x_wconf 80' lang='lat' dir='ltr'>EAss</span> 
     </span>
    </p>
   </div>
   <div class='ocr_carea' id='block_1_7' title="bbox 0 0 1405 4250">
    <p class='ocr_par' dir='ltr' id='par_1_7' title="bbox 0 0 1405 4250">
     <span class='ocr_line' id='line_1_38' title="bbox 0 0 1405 4250; baseline 0 0"><span class='ocrx_word' id='word_1_257' title='bbox 0 0 1405 4250; x_wconf 95' lang='lat' dir='ltr'> </span> 
     </span>
    </p>
   </div>
  </div>
 </body>
</html>
