2750 4250
295 340 358 406 370
681 354 825 404 arrosa-rr

295 496 404 557 inuasit
419 496 515 555 onrnis
530 514 601 557 ecce
616 495 674 555 iam
691 493 804 556 caelum
821 494 882 556 iera

295 598 403 658 meque
419 581 583 641 antecessit.
613 581 711 640 uictor
726 598 743 639 e
758 582 847 640 terris
862 598 945 641 meos

294 673 397 743 specto
414 663 539 724 lahores.
571 674 649 725 astra
666 666 811 742 portentis
827 666 909 743 prius

296 748 425 829 terisque
440 749 513 809 luuo
529 748 647 816 tribuit,
664 755 697 809 ut
712 747 828 809 caelum
843 748 917 809 mihi

296 832 407 894 lacerat
421 831 595 893 timendum.
628 835 773 912 sparserit
786 833 929 894 mundum
944 833 1009 895 licet

295 917 469 998 caelumque
485 920 572 978 terris
587 918 673 995 peius
688 935 724 977 ac
737 915 834 979 leuius
850 918 940 997 Styge

295 1005 367 1063 irata
384 1002 486 1073 iaciat,
504 1002 622 1063 dabitur
638 1000 758 1064 Alcidae
773 1002 865 1065 locus.

295 1088 321 1147 si
336 1094 403 1164 post
418 1087 497 1148 ieras
512 1094 578 1165 post
593 1085 671 1147 heila
686 1095 755 1164 post
769 1089 896 1165 stygium
913 1104 1013 1148 canem

295 1172 427 1232 noudum
443 1179 521 1232 astra
537 1172 648 1232 merui:
671 1170 784 1233 siculus
798 1172 966 1251 hesperium
981 1171 1053 1233 latus

294 1263 394 1333 tangat
408 1256 546 1325 Pelorus,
565 1252 643 1336 [aaa
657 1259 719 1317 iam
733 1259 820 1317 tellus
833 1261 902 1318 erit.

294 1342 380 1402 illinc
391 1338 525 1421 suartio]
541 1340 634 1401 maria
650 1340 674 1399 si
690 1341 772 1419 iungi
786 1340 889 1412 iubes,

295 1426 448 1486 conmittat
462 1426 557 1487 undas
572 1425 700 1485 isthmos
717 1432 747 1485 et
761 1427 863 1486 iuncto
878 1424 940 1486 salo

295 1527 371 1570 noua
387 1510 522 1570 lerantur
537 1510 643 1570 atticae
658 1527 774 1589 puppes
788 1512 847 1569 uia.

296 1601 425 1654 mutetur
440 1592 534 1664 orbis,
551 1592 677 1654 uallibus
693 1602 794 1654 currat
810 1597 895 1655 nouis

294 1678 393 1739 Hister
409 1695 561 1758 nouasque
576 1678 684 1740 Tanais
700 1680 825 1757 accipiat
839 1680 912 1741 uias.

295 1762 330 1824 da
348 1763 384 1825 da
399 1761 525 1823 tuendos
541 1762 672 1840 luppiter
686 1762 791 1823 saitem
807 1761 888 1823 deos.

295 1846 345 1908 illa
360 1846 459 1907 licehit
474 1846 585 1908 lolmen
601 1866 617 1907 a
632 1860 719 1925 parte
735 1848 851 1907 auleras

296 1950 350 2010 ego
367 1949 454 2009 quam
470 1931 585 1993 tuebor.
618 1934 681 1993 siue
696 1930 849 2009 glacialem
866 1932 967 2012 polum

295 2035 347 2077 seu
363 2035 411 2077 me
426 2016 504 2077 tueri
519 2015 664 2077 leruidam
680 2024 796 2095 partem
812 2016 911 2086 iubes,

294 2102 351 2162 hac
367 2118 431 2163 esse
446 2119 571 2180 superos
586 2109 671 2181 parte
687 2118 811 2164 securos
826 2107 906 2180 puta.

295 2186 430 2247 cirrhaea
446 2187 542 2247 Paean
559 2186 667 2266 templa
684 2195 715 2248 et
729 2187 890 2248 aetheriam
907 2188 1025 2249 domum

294 2277 432 2347 serpente
448 2289 533 2332 caeso
549 2273 667 2332 meruit.
699 2289 719 2332 a
740 2274 876 2348 quotiens
891 2274 968 2333 iacet

293 2353 408 2434 Python
424 2357 454 2414 io
470 2355 573 2436 hydra.
604 2357 739 2418 Bacchus
754 2363 784 2417 et
798 2357 927 2418 Perseus
944 2358 1007 2418 deis

293 2440 350 2500 iam
367 2457 399 2500 se
414 2438 554 2509 intulere,
575 2440 628 2502 secl
644 2449 733 2518 quota
749 2448 795 2502 est
810 2441 913 2501 mundi
927 2441 1011 2520 plaga
1203 2440 1224 2487 li

294 2526 395 2586 oriens
410 2523 549 2587 subactus
565 2534 614 2585 aut
630 2532 719 2605 quota
735 2533 779 2585 est
794 2526 916 2604 Gorgon
932 2526 1004 2589 iera.
1245 2574 1246 2581 κ

294 2611 360 2690 quis
375 2616 452 2670 astra
469 2617 555 2670 natus
570 2608 709 2670 laudibus
724 2611 833 2670 meruit
846 2611 909 2670 suis

295 2715 330 2757 ex
344 2701 375 2765 te
391 2701 420 2755 et
435 2694 583 2755 nouerca?
605 2711 693 2772 qoem
710 2693 763 2754 toli
778 2695 922 2756 mundum
938 2704 1016 2774 peto.

294 2780 344 2842 sed
363 2788 393 2841 tu
409 2798 508 2841 comes
523 2777 634 2840 laboris
649 2777 783 2840 herculei
801 2778 890 2839 Licha
1244 2830 1245 2835 ,

293 2865 394 2946 perier
410 2864 577 2944 triumphos
591 2863 695 2942 Euryti
709 2863 805 2923 uictos
818 2862 897 2924 lares
1192 2859 1224 2910 1ll
1243 2861 1246 3017 p

294 2959 478 3029 stratumque
494 2965 629 3026 regnum.
661 2966 715 3009 uos
731 2961 823 3027 pecus
837 2949 933 3025 rapite
948 2950 1030 3010 ocius

362 3243 394 3290 76
412 3241 531 3290 Faceret
550 3239 598 3289 ER
616 3238 737 3288 Lacerat
759 3237 833 3286 Voss.
852 3236 943 3286 faciat
961 3237 986 3286 A
998 3233 1011 3303 ll
1028 3239 1060 3286 'll
1078 3237 1150 3302 peius
1165 3243 1192 3278 aa

292 3307 383 3358 leuius
402 3307 427 3356 E
444 3307 523 3371 peius
542 3323 576 3358 ac
594 3307 673 3372 peius
692 3305 717 3354 A
729 3301 741 3369 ll
753 3306 786 3355 80
803 3304 886 3353 Haud
904 3302 964 3367 (om.
983 3303 1075 3370 comt)
1093 3303 1117 3352 Ε
1132 3301 1190 3352 lion·

294 3375 356 3424 dum
375 3370 476 3440 111181
496 3389 551 3424 una
569 3376 624 3424 iam
642 3378 663 3423 t.
685 3373 772 3437 urso
794 3387 850 3422 una
868 3372 892 3421 si
911 3377 931 3422 t.
949 3373 1014 3423 Bl3
1033 3376 1063 3422 et
1079 3387 1132 3421 una
1146 3368 1189 3416 iam

268 3473 269 3476 =
293 3446 314 3493 t.
332 3441 393 3490 Rro
424 3445 452 3490 et
469 3455 524 3490 una
543 3444 584 3492 slc
604 3447 623 3493 t.
647 3441 725 3490 Ortel.
755 3444 863 3490 utana
881 3441 936 3489 iam
960 3455 979 3490 α
1007 3436 1020 3506 ΙΙ
1049 3433 1191 3492 eritulssl‘

294 3513 366 3558 erat
379 3525 397 3558 ct
409 3505 420 3575 il
432 3509 495 3559 haec
506 3509 586 3558 uerba
603 3509 667 3559 Una
685 3509 741 3557 ism
760 3506 842 3557 tellus
860 3509 921 3560 erit,
939 3508 1023 3558 Illinc
1042 3507 1141 3573 fugabo
1156 3502 1189 3551 dt·

294 3577 351 3629 leui.
367 3573 379 3644 [l
396 3580 428 3628 93
448 3575 470 3625 0
491 3577 618 3640 quotiens
635 3575 661 3624 Ε
680 3581 751 3640 atq.
772 3576 796 3623 A
817 3591 834 3624 a
850 3571 980 3642 scripsiss
1001 3578 1034 3627 99
1052 3577 1129 3640 Lyca
1143 3571 1164 3621 A
1179 3563 1189 3626 {l

294 3645 344 3694 100
361 3643 460 3695 Perfer
476 3642 501 3691 E
517 3645 630 3706 Vaccus
649 3642 774 3693 Praeser
792 3639 958 3708 aillabores
976 3643 1002 3692 Ε
1024 3640 1038 3709 [Ι
