<?xml version="1.0" encoding="UTF-8"?>
<!DOCTYPE html PUBLIC "-//W3C//DTD XHTML 1.0 Transitional//EN"
    "http://www.w3.org/TR/xhtml1/DTD/xhtml1-transitional.dtd">
<html xmlns="http://www.w3.org/1999/xhtml" xml:lang="en" lang="en">
 <head>
  <title>
</title>
<meta http-equiv="Content-Type" content="text/html;charset=utf-8" />
  <meta name='ocr-system' content='tesseract 3.04.00' />
  <meta name='ocr-capabilities' content='ocr_page ocr_carea ocr_par ocr_line ocrx_word'/>
</head>
<body>
  <div class='ocr_page' id='page_1' title='image "./tragoediaeacced00richgoog_0019.png"; bbox 0 0 2750 4250; ppageno 0'>
   <div class='ocr_carea' id='block_1_1' title="bbox 204 326 780 378">
    <p class='ocr_par' dir='ltr' id='par_1_1' title="bbox 204 326 780 378">
     <span class='ocr_line' id='line_1_1' title="bbox 204 326 780 378; baseline 0 -2"><span class='ocrx_word' id='word_1_1' title='bbox 204 329 284 378; x_wconf 84' lang='lat' dir='ltr'>XIIII</span> <span class='ocrx_word' id='word_1_2' title='bbox 580 326 780 376; x_wconf 72' lang='lat' dir='ltr'>PRAEFATIO</span> 
     </span>
    </p>
   </div>
   <div class='ocr_carea' id='block_1_2' title="bbox 198 487 1155 2089">
    <p class='ocr_par' dir='ltr' id='par_1_2' title="bbox 201 487 1155 1156">
     <span class='ocr_line' id='line_1_2' title="bbox 205 487 1154 564; baseline 0 -19"><span class='ocrx_word' id='word_1_3' title='bbox 205 489 328 545; x_wconf 81' lang='lat' dir='ltr'><strong>erarauit</strong></span> <span class='ocrx_word' id='word_1_4' title='bbox 357 488 495 544; x_wconf 86' lang='lat' dir='ltr'><strong>Octauiam</strong></span> <span class='ocrx_word' id='word_1_5' title='bbox 524 495 662 564; x_wconf 74' lang='lat' dir='ltr'>receptam</span> <span class='ocrx_word' id='word_1_6' title='bbox 693 496 721 543; x_wconf 87' lang='lat' dir='ltr'><strong>et</strong></span> <span class='ocrx_word' id='word_1_7' title='bbox 749 487 878 544; x_wconf 90' lang='lat' dir='ltr'><strong>consulto</strong></span> <span class='ocrx_word' id='word_1_8' title='bbox 908 489 981 544; x_wconf 85' lang='lat' dir='ltr'><strong>iuter</strong></span> <span class='ocrx_word' id='word_1_9' title='bbox 1001 491 1094 561; x_wconf 73' lang='lat' dir='ltr'><strong>Agant.</strong></span> <span class='ocrx_word' id='word_1_10' title='bbox 1125 497 1154 545; x_wconf 88' lang='lat' dir='ltr'><strong>et</strong></span> 
     </span>
     <span class='ocr_line' id='line_1_3' title="bbox 204 571 1152 647; baseline 0.002 -19"><span class='ocrx_word' id='word_1_11' title='bbox 204 573 280 629; x_wconf 86' lang='lat' dir='ltr'><strong>Herc.</strong></span> <span class='ocrx_word' id='word_1_12' title='bbox 298 589 322 629; x_wconf 90' lang='lat'><strong>11</strong></span> <span class='ocrx_word' id='word_1_13' title='bbox 343 573 534 646; x_wconf 79' lang='lat' dir='ltr'><strong>interpositam</strong></span> <span class='ocrx_word' id='word_1_14' title='bbox 550 589 611 628; x_wconf 89' lang='lat' dir='ltr'><strong>esse</strong></span> <span class='ocrx_word' id='word_1_15' title='bbox 627 571 677 628; x_wconf 89' lang='lat' dir='ltr'><strong>tibi</strong></span> <span class='ocrx_word' id='word_1_16' title='bbox 694 572 883 647; x_wconf 72' lang='lat' dir='ltr'><strong>persuaseris?</strong></span> <span class='ocrx_word' id='word_1_17' title='bbox 913 573 971 629; x_wconf 92' lang='lat' dir='ltr'><strong>lloc</strong></span> <span class='ocrx_word' id='word_1_18' title='bbox 993 574 1083 646; x_wconf 89' lang='lat' dir='ltr'><strong>ipsum</strong></span> <span class='ocrx_word' id='word_1_19' title='bbox 1104 591 1152 630; x_wconf 90' lang='lat' dir='ltr'><strong>an·</strong></span> 
     </span>
     <span class='ocr_line' id='line_1_4' title="bbox 204 656 1155 731; baseline 0.002 -18"><span class='ocrx_word' id='word_1_20' title='bbox 204 665 259 713; x_wconf 88' lang='lat' dir='ltr'><strong>tem</strong></span> <span class='ocrx_word' id='word_1_21' title='bbox 275 656 465 731; x_wconf 86' lang='lat' dir='ltr'><strong>reputantibus</strong></span> <span class='ocrx_word' id='word_1_22' title='bbox 481 657 539 714; x_wconf 88' lang='lat' dir='ltr'><strong>lieri</strong></span> <span class='ocrx_word' id='word_1_23' title='bbox 562 658 607 713; x_wconf 83' lang='lat' dir='ltr'><strong>uix</strong></span> <span class='ocrx_word' id='word_1_24' title='bbox 627 664 720 731; x_wconf 89' lang='lat' dir='ltr'><strong>potest</strong></span> <span class='ocrx_word' id='word_1_25' title='bbox 736 656 801 731; x_wconf 87' lang='lat' dir='ltr'><strong>quin</strong></span> <span class='ocrx_word' id='word_1_26' title='bbox 817 658 939 730; x_wconf 87' lang='lat' dir='ltr'><strong>suspicio</strong></span> <span class='ocrx_word' id='word_1_27' title='bbox 962 657 1059 713; x_wconf 86' lang='lat' dir='ltr'><strong>animis</strong></span> <span class='ocrx_word' id='word_1_28' title='bbox 1081 659 1155 716; x_wconf 88' lang='lat' dir='ltr'><strong>oria·</strong></span> 
     </span>
     <span class='ocr_line' id='line_1_5' title="bbox 203 741 1152 815; baseline 0.001 -17"><span class='ocrx_word' id='word_1_29' title='bbox 203 749 249 798; x_wconf 89' lang='lat' dir='ltr'><strong>tur</strong></span> <span class='ocrx_word' id='word_1_30' title='bbox 269 741 302 797; x_wconf 90' lang='lat' dir='ltr'><strong>ab</strong></span> <span class='ocrx_word' id='word_1_31' title='bbox 324 742 419 798; x_wconf 90' lang='lat' dir='ltr'><strong>eodem</strong></span> <span class='ocrx_word' id='word_1_32' title='bbox 441 743 551 798; x_wconf 91' lang='lat' dir='ltr'><strong>homine</strong></span> <span class='ocrx_word' id='word_1_33' title='bbox 574 750 602 798; x_wconf 93' lang='lat' dir='ltr'><strong>et</strong></span> <span class='ocrx_word' id='word_1_34' title='bbox 624 741 764 798; x_wconf 74' lang='lat' dir='ltr'><strong>Octauiam</strong></span> <span class='ocrx_word' id='word_1_35' title='bbox 785 743 956 815; x_wconf 82' lang='lat' dir='ltr'><strong>conpositam</strong></span> <span class='ocrx_word' id='word_1_36' title='bbox 978 757 1040 798; x_wconf 86' lang='lat' dir='ltr'><strong>esse</strong></span> <span class='ocrx_word' id='word_1_37' title='bbox 1060 750 1088 797; x_wconf 91' lang='lat' dir='ltr'><strong>et</strong></span> <span class='ocrx_word' id='word_1_38' title='bbox 1108 759 1152 799; x_wconf 90' lang='lat' dir='ltr'><strong>re·</strong></span> 
     </span>
     <span class='ocr_line' id='line_1_6' title="bbox 203 826 1153 901; baseline 0.001 -18"><span class='ocrx_word' id='word_1_39' title='bbox 203 826 357 883; x_wconf 89' lang='lat' dir='ltr'><strong>censionem</strong></span> <span class='ocrx_word' id='word_1_40' title='bbox 375 829 398 882; x_wconf 82' lang='grc' dir='ltr'><em>Α</em></span> <span class='ocrx_word' id='word_1_41' title='bbox 420 828 562 901; x_wconf 87' lang='lat' dir='ltr'><strong>scriptam.</strong></span> <span class='ocrx_word' id='word_1_42' title='bbox 585 826 717 901; x_wconf 87' lang='lat' dir='ltr'><strong>quidum</strong></span> <span class='ocrx_word' id='word_1_43' title='bbox 739 842 810 900; x_wconf 88' lang='lat' dir='ltr'><strong>opus</strong></span> <span class='ocrx_word' id='word_1_44' title='bbox 831 843 910 883; x_wconf 90' lang='lat' dir='ltr'><strong>snum</strong></span> <span class='ocrx_word' id='word_1_45' title='bbox 931 827 984 883; x_wconf 93' lang='lat' dir='ltr'><strong>uiri</strong></span> <span class='ocrx_word' id='word_1_46' title='bbox 1006 826 1153 884; x_wconf 88' lang='lat' dir='ltr'><strong>clarissimi</strong></span> 
     </span>
     <span class='ocr_line' id='line_1_7' title="bbox 203 911 1154 985; baseline 0.003 -19"><span class='ocrx_word' id='word_1_47' title='bbox 203 913 366 967; x_wconf 89' lang='lat' dir='ltr'><strong>anctoritate</strong></span> <span class='ocrx_word' id='word_1_48' title='bbox 382 911 453 967; x_wconf 90' lang='lat' dir='ltr'><strong>tueri</strong></span> <span class='ocrx_word' id='word_1_49' title='bbox 470 911 577 974; x_wconf 85' lang='lat' dir='ltr'><strong>studet.</strong></span> <span class='ocrx_word' id='word_1_50' title='bbox 600 913 672 967; x_wconf 90' lang='lat' dir='ltr'><strong>inter</strong></span> <span class='ocrx_word' id='word_1_51' title='bbox 688 912 747 967; x_wconf 92' lang='lat' dir='ltr'><strong>eius</strong></span> <span class='ocrx_word' id='word_1_52' title='bbox 763 927 845 985; x_wconf 87' lang='lat' dir='ltr'><strong>opera</strong></span> <span class='ocrx_word' id='word_1_53' title='bbox 866 911 911 967; x_wconf 92' lang='lat' dir='ltr'><strong>nel</strong></span> <span class='ocrx_word' id='word_1_54' title='bbox 928 928 997 985; x_wconf 88' lang='lat' dir='ltr'><strong>quae</strong></span> <span class='ocrx_word' id='word_1_55' title='bbox 1013 913 1073 968; x_wconf 89' lang='lat' dir='ltr'><strong>eius</strong></span> <span class='ocrx_word' id='word_1_56' title='bbox 1088 929 1154 969; x_wconf 87' lang='lat' dir='ltr'><strong>csse</strong></span> 
     </span>
     <span class='ocr_line' id='line_1_8' title="bbox 202 994 1153 1071; baseline 0 -19"><span class='ocrx_word' id='word_1_57' title='bbox 202 996 326 1052; x_wconf 89' lang='lat' dir='ltr'><strong>crederet</strong></span> <span class='ocrx_word' id='word_1_58' title='bbox 342 1011 421 1052; x_wconf 91' lang='lat' dir='ltr'><strong>suum</strong></span> <span class='ocrx_word' id='word_1_59' title='bbox 442 994 650 1071; x_wconf 72' lang='lat' dir='ltr'><strong>interposuit*).</strong></span> <span class='ocrx_word' id='word_1_60' title='bbox 687 996 761 1065; x_wconf 83' lang='lat' dir='ltr'><strong>Quae</strong></span> <span class='ocrx_word' id='word_1_61' title='bbox 776 1004 864 1052; x_wconf 87' lang='lat' dir='ltr'><strong>tamen</strong></span> <span class='ocrx_word' id='word_1_62' title='bbox 880 997 973 1070; x_wconf 91' lang='lat' dir='ltr'><strong>opinio</strong></span> <span class='ocrx_word' id='word_1_63' title='bbox 990 996 1074 1052; x_wconf 89' lang='lat' dir='ltr'><strong>certis</strong></span> <span class='ocrx_word' id='word_1_64' title='bbox 1089 997 1153 1071; x_wconf 86' lang='lat' dir='ltr'><strong>qui-</strong></span> 
     </span>
     <span class='ocr_line' id='line_1_9' title="bbox 201 1079 959 1156; baseline -0.001 -19"><span class='ocrx_word' id='word_1_65' title='bbox 201 1079 312 1138; x_wconf 87' lang='lat' dir='ltr'><strong>busdam</strong></span> <span class='ocrx_word' id='word_1_66' title='bbox 329 1083 498 1155; x_wconf 79' lang='lat' dir='ltr'><strong>argumentis</strong></span> <span class='ocrx_word' id='word_1_67' title='bbox 515 1081 626 1156; x_wconf 90' lang='lat' dir='ltr'><strong>probari</strong></span> <span class='ocrx_word' id='word_1_68' title='bbox 641 1082 686 1136; x_wconf 81' lang='lat' dir='ltr'><strong>nir</strong></span> <span class='ocrx_word' id='word_1_69' title='bbox 702 1095 830 1155; x_wconf 85' lang='lat' dir='ltr'><strong>umquam</strong></span> <span class='ocrx_word' id='word_1_70' title='bbox 846 1083 959 1154; x_wconf 84' lang='lat' dir='ltr'><strong>poterit.</strong></span> 
     </span>
    </p>

    <p class='ocr_par' dir='ltr' id='par_1_3' title="bbox 198 1163 1151 2089">
     <span class='ocr_line' id='line_1_10' title="bbox 265 1163 1151 1240; baseline 0 -20"><span class='ocrx_word' id='word_1_71' title='bbox 265 1163 434 1240; x_wconf 84' lang='lat' dir='ltr'><strong>Quicumque</strong></span> <span class='ocrx_word' id='word_1_72' title='bbox 465 1166 545 1222; x_wconf 88' lang='lat' dir='ltr'><strong>hodie</strong></span> <span class='ocrx_word' id='word_1_73' title='bbox 578 1173 671 1221; x_wconf 83' lang='lat' dir='ltr'><strong>extant</strong></span> <span class='ocrx_word' id='word_1_74' title='bbox 694 1164 813 1222; x_wconf 84' lang='lat' dir='ltr'><strong>Senecae</strong></span> <span class='ocrx_word' id='word_1_75' title='bbox 845 1165 1049 1239; x_wconf 77' lang='lat' dir='ltr'><strong>tragoediarum</strong></span> <span class='ocrx_word' id='word_1_76' title='bbox 1076 1164 1151 1230; x_wconf 78' lang='lat' dir='ltr'><strong>tturt,</strong></span> 
     </span>
     <span class='ocr_line' id='line_1_11' title="bbox 203 1249 1150 1325; baseline 0.001 -19"><span class='ocrx_word' id='word_1_77' title='bbox 203 1252 334 1325; x_wconf 89' lang='lat' dir='ltr'><strong>qnoniam</strong></span> <span class='ocrx_word' id='word_1_78' title='bbox 350 1267 399 1306; x_wconf 92' lang='lat' dir='ltr'><strong>eos</strong></span> <span class='ocrx_word' id='word_1_79' title='bbox 415 1250 532 1307; x_wconf 82' lang='lat' dir='ltr'><strong>diximus</strong></span> <span class='ocrx_word' id='word_1_80' title='bbox 548 1251 580 1307; x_wconf 86' lang='lat' dir='ltr'><strong>ad</strong></span> <span class='ocrx_word' id='word_1_81' title='bbox 595 1251 712 1307; x_wconf 90' lang='lat' dir='ltr'><strong>duorum</strong></span> <span class='ocrx_word' id='word_1_82' title='bbox 727 1249 901 1307; x_wconf 80' lang='lat' dir='ltr'><strong>librariorum</strong></span> <span class='ocrx_word' id='word_1_83' title='bbox 922 1255 1032 1324; x_wconf 85' lang='lat' dir='ltr'><strong>op‘eram</strong></span> <span class='ocrx_word' id='word_1_84' title='bbox 1049 1251 1150 1313; x_wconf 87' lang='lat' dir='ltr'><strong>redire,</strong></span> 
     </span>
     <span class='ocr_line' id='line_1_12' title="bbox 201 1335 1150 1410; baseline 0 -19"><span class='ocrx_word' id='word_1_85' title='bbox 201 1335 248 1410; x_wconf 87' lang='lat' dir='ltr'><strong>qni</strong></span> <span class='ocrx_word' id='word_1_86' title='bbox 271 1335 382 1392; x_wconf 90' lang='lat' dir='ltr'><strong>diuerso</strong></span> <span class='ocrx_word' id='word_1_87' title='bbox 400 1343 522 1409; x_wconf 91' lang='lat' dir='ltr'><strong>tempore</strong></span> <span class='ocrx_word' id='word_1_88' title='bbox 545 1351 577 1391; x_wconf 80' lang='lat' dir='ltr'><strong>cx</strong></span> <span class='ocrx_word' id='word_1_89' title='bbox 591 1335 661 1409; x_wconf 90' lang='lat' dir='ltr'><strong>ipsis</strong></span> <span class='ocrx_word' id='word_1_90' title='bbox 676 1342 776 1409; x_wconf 89' lang='lat' dir='ltr'><strong>poetae</strong></span> <span class='ocrx_word' id='word_1_91' title='bbox 792 1336 893 1392; x_wconf 86' lang='lat' dir='ltr'><strong>chartis</strong></span> <span class='ocrx_word' id='word_1_92' title='bbox 915 1352 963 1392; x_wconf 87' lang='lat' dir='ltr'><strong>sna</strong></span> <span class='ocrx_word' id='word_1_93' title='bbox 985 1335 1150 1409; x_wconf 83' lang='lat' dir='ltr'><strong>exemplaria</strong></span> 
     </span>
     <span class='ocr_line' id='line_1_13' title="bbox 201 1419 1149 1495; baseline 0 -19"><span class='ocrx_word' id='word_1_94' title='bbox 201 1421 438 1494; x_wconf 88' lang='lat' dir='ltr'><strong>transcripserint,</strong></span> <span class='ocrx_word' id='word_1_95' title='bbox 467 1422 519 1477; x_wconf 91' lang='lat' dir='ltr'><strong>iam</strong></span> <span class='ocrx_word' id='word_1_96' title='bbox 541 1419 728 1495; x_wconf 87' lang='lat' dir='ltr'><strong>quaerendum</strong></span> <span class='ocrx_word' id='word_1_97' title='bbox 747 1420 859 1477; x_wconf 90' lang='lat' dir='ltr'><strong>uidetur</strong></span> <span class='ocrx_word' id='word_1_98' title='bbox 879 1437 955 1483; x_wconf 87' lang='lat' dir='ltr'><strong>esse,</strong></span> <span class='ocrx_word' id='word_1_99' title='bbox 975 1422 1031 1476; x_wconf 89' lang='lat' dir='ltr'><strong>utri</strong></span> <span class='ocrx_word' id='word_1_100' title='bbox 1052 1436 1149 1476; x_wconf 89' lang='lat' dir='ltr'><strong>eorum</strong></span> 
     </span>
     <span class='ocr_line' id='line_1_14' title="bbox 199 1504 1150 1568; baseline 0 -8"><span class='ocrx_word' id='word_1_101' title='bbox 199 1505 286 1562; x_wconf 90' lang='lat' dir='ltr'><strong>maior</strong></span> <span class='ocrx_word' id='word_1_102' title='bbox 306 1504 372 1561; x_wconf 90' lang='lat' dir='ltr'><strong>tides</strong></span> <span class='ocrx_word' id='word_1_103' title='bbox 388 1505 525 1568; x_wconf 86' lang='lat' dir='ltr'><strong>habenda,</strong></span> <span class='ocrx_word' id='word_1_104' title='bbox 549 1506 567 1561; x_wconf 90' lang='lat' dir='ltr'><strong>i.</strong></span> <span class='ocrx_word' id='word_1_105' title='bbox 590 1523 613 1562; x_wconf 94' lang='lat' dir='ltr'><strong>e.</strong></span> <span class='ocrx_word' id='word_1_106' title='bbox 636 1513 698 1562; x_wconf 90' lang='lat' dir='ltr'><strong>utra</strong></span> <span class='ocrx_word' id='word_1_107' title='bbox 718 1506 843 1562; x_wconf 82' lang='lat' dir='ltr'><strong>recensio</strong></span> <span class='ocrx_word' id='word_1_108' title='bbox 864 1505 893 1561; x_wconf 91' lang='lat' dir='ltr'><strong>in</strong></span> <span class='ocrx_word' id='word_1_109' title='bbox 914 1505 1089 1561; x_wconf 84' lang='lat' dir='ltr'><strong>emendandis</strong></span> <span class='ocrx_word' id='word_1_110' title='bbox 1104 1506 1150 1560; x_wconf 91' lang='lat' dir='ltr'><strong>his</strong></span> 
     </span>
     <span class='ocr_line' id='line_1_15' title="bbox 200 1588 1149 1664; baseline -0.001 -18"><span class='ocrx_word' id='word_1_111' title='bbox 200 1590 349 1663; x_wconf 82' lang='lat' dir='ltr'><strong>tragoediis</strong></span> <span class='ocrx_word' id='word_1_112' title='bbox 370 1607 435 1664; x_wconf 89' lang='lat' dir='ltr'><strong>prae</strong></span> <span class='ocrx_word' id='word_1_113' title='bbox 461 1591 545 1647; x_wconf 91' lang='lat' dir='ltr'><strong>altera</strong></span> <span class='ocrx_word' id='word_1_114' title='bbox 570 1590 709 1663; x_wconf 89' lang='lat' dir='ltr'><strong>sequenda</strong></span> <span class='ocrx_word' id='word_1_115' title='bbox 729 1589 774 1646; x_wconf 91' lang='lat' dir='ltr'><strong>slt.</strong></span> <span class='ocrx_word' id='word_1_116' title='bbox 818 1588 876 1657; x_wconf 82' lang='lat' dir='ltr'><strong>Qua</strong></span> <span class='ocrx_word' id='word_1_117' title='bbox 897 1589 925 1644; x_wconf 91' lang='lat' dir='ltr'><strong>in</strong></span> <span class='ocrx_word' id='word_1_118' title='bbox 940 1607 971 1646; x_wconf 87' lang='lat' dir='ltr'><strong>rc</strong></span> <span class='ocrx_word' id='word_1_119' title='bbox 983 1591 1149 1664; x_wconf 86' lang='lat' dir='ltr'><strong>primariam</strong></span> 
     </span>
     <span class='ocr_line' id='line_1_16' title="bbox 198 1674 1148 1748; baseline 0 -18"><span class='ocrx_word' id='word_1_120' title='bbox 198 1691 260 1732; x_wconf 90' lang='lat' dir='ltr'><strong>esse</strong></span> <span class='ocrx_word' id='word_1_121' title='bbox 281 1677 450 1732; x_wconf 87' lang='lat' dir='ltr'><strong>recensionis</strong></span> <span class='ocrx_word' id='word_1_122' title='bbox 473 1676 503 1730; x_wconf 84' lang='grc' dir='ltr'><em>Ε</em></span> <span class='ocrx_word' id='word_1_123' title='bbox 527 1674 587 1731; x_wconf 91' lang='lat' dir='ltr'><strong>siue</strong></span> <span class='ocrx_word' id='word_1_124' title='bbox 613 1674 687 1748; x_wconf 86' lang='lat' dir='ltr'><strong>quod</strong></span> <span class='ocrx_word' id='word_1_125' title='bbox 713 1675 783 1731; x_wconf 91' lang='lat' dir='ltr'><strong>idem</strong></span> <span class='ocrx_word' id='word_1_126' title='bbox 809 1683 853 1730; x_wconf 91' lang='lat' dir='ltr'><strong>est</strong></span> <span class='ocrx_word' id='word_1_127' title='bbox 878 1674 981 1731; x_wconf 89' lang='lat' dir='ltr'><strong>codicis</strong></span> <span class='ocrx_word' id='word_1_128' title='bbox 1008 1674 1148 1730; x_wconf 82' lang='lat' dir='ltr'><strong>[torentini</strong></span> 
     </span>
     <span class='ocr_line' id='line_1_17' title="bbox 199 1758 1146 1833; baseline 0 -19"><span class='ocrx_word' id='word_1_129' title='bbox 199 1761 388 1816; x_wconf 87' lang='lat' dir='ltr'><strong>auctoritatem</strong></span> <span class='ocrx_word' id='word_1_130' title='bbox 405 1759 472 1816; x_wconf 87' lang='lat' dir='ltr'><strong>satis</strong></span> <span class='ocrx_word' id='word_1_131' title='bbox 487 1766 571 1833; x_wconf 87' lang='lat' dir='ltr'><strong>patet.</strong></span> <span class='ocrx_word' id='word_1_132' title='bbox 602 1758 667 1816; x_wconf 86' lang='lat' dir='ltr'><strong>liam</strong></span> <span class='ocrx_word' id='word_1_133' title='bbox 683 1760 800 1833; x_wconf 91' lang='lat' dir='ltr'><strong>primum</strong></span> <span class='ocrx_word' id='word_1_134' title='bbox 815 1758 938 1832; x_wconf 80' lang='lat' dir='ltr'><strong>uulgaris</strong></span> <span class='ocrx_word' id='word_1_135' title='bbox 953 1761 1079 1815; x_wconf 87' lang='lat' dir='ltr'><strong>recensio</strong></span> <span class='ocrx_word' id='word_1_136' title='bbox 1094 1760 1146 1815; x_wconf 88' lang='lat' dir='ltr'><strong>etsi</strong></span> 
     </span>
     <span class='ocr_line' id='line_1_18' title="bbox 198 1841 1146 1918; baseline 0 -20"><span class='ocrx_word' id='word_1_137' title='bbox 198 1843 388 1917; x_wconf 90' lang='lat' dir='ltr'><strong>antiquissimo</strong></span> <span class='ocrx_word' id='word_1_138' title='bbox 414 1851 536 1918; x_wconf 88' lang='lat' dir='ltr'><strong>tempore</strong></span> <span class='ocrx_word' id='word_1_139' title='bbox 559 1841 699 1900; x_wconf 88' lang='lat' dir='ltr'><strong>elaborata</strong></span> <span class='ocrx_word' id='word_1_140' title='bbox 720 1852 775 1906; x_wconf 88' lang='lat' dir='ltr'><strong>est.</strong></span> <span class='ocrx_word' id='word_1_141' title='bbox 802 1853 892 1900; x_wconf 92' lang='lat' dir='ltr'><strong>tamen</strong></span> <span class='ocrx_word' id='word_1_142' title='bbox 916 1846 962 1918; x_wconf 89' lang='lat' dir='ltr'><strong>qui</strong></span> <span class='ocrx_word' id='word_1_143' title='bbox 986 1844 1146 1900; x_wconf 75' lang='lat' dir='ltr'><strong>laodiceam</strong></span> 
     </span>
     <span class='ocr_line' id='line_1_19' title="bbox 198 1927 1147 2003; baseline -0.001 -19"><span class='ocrx_word' id='word_1_144' title='bbox 198 1935 406 2002; x_wconf 84' lang='lat' dir='ltr'><strong>repraesentant</strong></span> <span class='ocrx_word' id='word_1_145' title='bbox 420 1929 529 1986; x_wconf 92' lang='lat' dir='ltr'><strong>codices</strong></span> <span class='ocrx_word' id='word_1_146' title='bbox 544 1935 619 1985; x_wconf 85' lang='lat' dir='ltr'><strong>tanto</strong></span> <span class='ocrx_word' id='word_1_147' title='bbox 635 1929 769 2003; x_wconf 89' lang='lat' dir='ltr'><strong>temporis</strong></span> <span class='ocrx_word' id='word_1_148' title='bbox 784 1927 931 1986; x_wconf 91' lang='lat' dir='ltr'><strong>interuallo</strong></span> <span class='ocrx_word' id='word_1_149' title='bbox 946 1929 981 1984; x_wconf 87' lang='lat' dir='ltr'><strong>ab</strong></span> <span class='ocrx_word' id='word_1_150' title='bbox 996 1929 1042 1984; x_wconf 92' lang='lat' dir='ltr'><strong>illa</strong></span> <span class='ocrx_word' id='word_1_151' title='bbox 1056 1936 1147 1985; x_wconf 89' lang='lat' dir='ltr'><strong>aetate</strong></span> 
     </span>
     <span class='ocr_line' id='line_1_20' title="bbox 199 2009 1148 2089; baseline -0.001 -20"><span class='ocrx_word' id='word_1_152' title='bbox 199 2012 313 2069; x_wconf 92' lang='lat' dir='ltr'><strong>seiuncti</strong></span> <span class='ocrx_word' id='word_1_153' title='bbox 330 2009 460 2087; x_wconf 83' lang='lat' dir='ltr'><strong>sunt**),</strong></span> <span class='ocrx_word' id='word_1_154' title='bbox 476 2022 507 2070; x_wconf 93' lang='lat' dir='ltr'><strong>ut</strong></span> <span class='ocrx_word' id='word_1_155' title='bbox 523 2031 577 2070; x_wconf 91' lang='lat' dir='ltr'><strong>uon</strong></span> <span class='ocrx_word' id='word_1_156' title='bbox 593 2014 717 2089; x_wconf 90' lang='lat' dir='ltr'><strong>potuerit</strong></span> <span class='ocrx_word' id='word_1_157' title='bbox 732 2013 791 2070; x_wconf 88' lang='lat' dir='ltr'><strong>lieri</strong></span> <span class='ocrx_word' id='word_1_158' title='bbox 807 2014 872 2088; x_wconf 87' lang='lat' dir='ltr'><strong>quin</strong></span> <span class='ocrx_word' id='word_1_159' title='bbox 889 2031 902 2069; x_wconf 92' lang='lat' dir='ltr'><strong>a</strong></span> <span class='ocrx_word' id='word_1_160' title='bbox 919 2014 1033 2088; x_wconf 90' lang='lat' dir='ltr'><strong>pristina</strong></span> <span class='ocrx_word' id='word_1_161' title='bbox 1048 2012 1148 2087; x_wconf 78' lang='lat' dir='ltr'><strong>uolga-</strong></span> 
     </span>
    </p>
   </div>
   <div class='ocr_carea' id='block_1_3' title="bbox 199 2148 402 2156">
    <p class='ocr_par' dir='ltr' id='par_1_4' title="bbox 199 2148 402 2156">
     <span class='ocr_line' id='line_1_21' title="bbox 199 2148 402 2156; baseline -0.01 0"><span class='ocrx_word' id='word_1_162' title='bbox 199 2148 402 2156; x_wconf 73' lang='lat'><strong>----——-</strong></span> 
     </span>
    </p>
   </div>
   <div class='ocr_carea' id='block_1_4' title="bbox 186 2208 1148 3704">
    <p class='ocr_par' dir='ltr' id='par_1_5' title="bbox 196 2208 1148 2346">
     <span class='ocr_line' id='line_1_22' title="bbox 264 2208 1148 2276; baseline 0.001 -15"><span class='ocrx_word' id='word_1_163' title='bbox 264 2208 288 2276; x_wconf 88' lang='lat'><strong>*)</strong></span> <span class='ocrx_word' id='word_1_164' title='bbox 311 2212 443 2263; x_wconf 86' lang='lat' dir='ltr'><strong>Eiusdem</strong></span> <span class='ocrx_word' id='word_1_165' title='bbox 466 2218 498 2263; x_wconf 89' lang='lat' dir='ltr'><strong>ut</strong></span> <span class='ocrx_word' id='word_1_166' title='bbox 515 2212 626 2264; x_wconf 89' lang='lat' dir='ltr'><strong>uidetur</strong></span> <span class='ocrx_word' id='word_1_167' title='bbox 647 2214 749 2264; x_wconf 87' lang='lat' dir='ltr'><strong>aetatis</strong></span> <span class='ocrx_word' id='word_1_168' title='bbox 764 2213 889 2263; x_wconf 92' lang='lat' dir='ltr'><strong>homines</strong></span> <span class='ocrx_word' id='word_1_169' title='bbox 905 2228 960 2264; x_wconf 91' lang='lat' dir='ltr'><strong>non</strong></span> <span class='ocrx_word' id='word_1_170' title='bbox 977 2213 1148 2263; x_wconf 87' lang='lat' dir='ltr'><strong>uerebantur</strong></span> 
     </span>
     <span class='ocr_line' id='line_1_23' title="bbox 196 2278 1135 2346; baseline -0.001 -16"><span class='ocrx_word' id='word_1_171' title='bbox 196 2280 278 2330; x_wconf 86' lang='lat' dir='ltr'><strong>Pauli</strong></span> <span class='ocrx_word' id='word_1_172' title='bbox 291 2280 411 2342; x_wconf 84' lang='lat' dir='ltr'><strong>apostoli</strong></span> <span class='ocrx_word' id='word_1_173' title='bbox 425 2295 485 2329; x_wconf 88' lang='lat' dir='ltr'><strong>cum</strong></span> <span class='ocrx_word' id='word_1_174' title='bbox 497 2280 605 2332; x_wconf 84' lang='lat' dir='ltr'><strong>Seneca</strong></span> <span class='ocrx_word' id='word_1_175' title='bbox 618 2283 812 2332; x_wconf 87' lang='lat' dir='ltr'><strong>commercium</strong></span> <span class='ocrx_word' id='word_1_176' title='bbox 825 2280 942 2346; x_wconf 40' lang='lat' dir='ltr'><strong>lingeret</strong></span> <span class='ocrx_word' id='word_1_177' title='bbox 1132 2278 1135 2284; x_wconf 84' lang='lat'>&#39;</span> 
     </span>
    </p>

    <p class='ocr_par' dir='ltr' id='par_1_6' title="bbox 186 2346 1145 3704">
     <span class='ocr_line' id='line_1_24' title="bbox 266 2346 1143 2414; baseline -0.001 -16"><span class='ocrx_word' id='word_1_178' title='bbox 266 2346 310 2411; x_wconf 77' lang='grc'><strong>**)</strong></span> <span class='ocrx_word' id='word_1_179' title='bbox 328 2349 388 2399; x_wconf 91' lang='lat' dir='ltr'><strong>Non</strong></span> <span class='ocrx_word' id='word_1_180' title='bbox 405 2348 523 2413; x_wconf 82' lang='lat' dir='ltr'><strong>contigit</strong></span> <span class='ocrx_word' id='word_1_181' title='bbox 534 2350 615 2399; x_wconf 86' lang='lat' dir='ltr'><strong>nobis</strong></span> <span class='ocrx_word' id='word_1_182' title='bbox 629 2349 734 2400; x_wconf 89' lang='lat' dir='ltr'><strong>codicis</strong></span> <span class='ocrx_word' id='word_1_183' title='bbox 750 2349 873 2414; x_wconf 79' lang='lat' dir='ltr'><strong>uolgatis</strong></span> <span class='ocrx_word' id='word_1_184' title='bbox 892 2348 977 2398; x_wconf 91' lang='lat' dir='ltr'><strong>ullius</strong></span> <span class='ocrx_word' id='word_1_185' title='bbox 994 2347 1143 2413; x_wconf 85' lang='lat' dir='ltr'><strong>uestigium</strong></span> 
     </span>
     <span class='ocr_line' id='line_1_25' title="bbox 195 2416 1142 2482; baseline 0 -17"><span class='ocrx_word' id='word_1_186' title='bbox 195 2416 321 2467; x_wconf 87' lang='lat' dir='ltr'><strong>inuenire</strong></span> <span class='ocrx_word' id='word_1_187' title='bbox 339 2418 500 2465; x_wconf 88' lang='lat' dir='ltr'><strong>uetustioris</strong></span> <span class='ocrx_word' id='word_1_188' title='bbox 518 2417 631 2468; x_wconf 86' lang='lat' dir='ltr'><strong>saeculo</strong></span> <span class='ocrx_word' id='word_1_189' title='bbox 649 2432 709 2469; x_wconf 81' lang='lat' dir='ltr'><strong>xiv.</strong></span> <span class='ocrx_word' id='word_1_190' title='bbox 737 2418 806 2467; x_wconf 82' lang='lat' dir='ltr'><strong>Nam</strong></span> <span class='ocrx_word' id='word_1_191' title='bbox 818 2421 932 2482; x_wconf 88' lang='lat' dir='ltr'><strong>praeter</strong></span> <span class='ocrx_word' id='word_1_192' title='bbox 944 2431 992 2467; x_wconf 87' lang='lat' dir='ltr'><strong>eos</strong></span> <span class='ocrx_word' id='word_1_193' title='bbox 1004 2417 1052 2480; x_wconf 81' lang='lat' dir='ltr'><strong>qui</strong></span> <span class='ocrx_word' id='word_1_194' title='bbox 1067 2416 1142 2465; x_wconf 87' lang='lat' dir='ltr'><strong>iuira</strong></span> 
     </span>
     <span class='ocr_line' id='line_1_26' title="bbox 196 2483 1140 2550; baseline 0.001 -17"><span class='ocrx_word' id='word_1_195' title='bbox 196 2483 360 2549; x_wconf 77' lang='lat' dir='ltr'><strong>descriptis</strong></span> <span class='ocrx_word' id='word_1_196' title='bbox 372 2484 452 2534; x_wconf 87' lang='lat' dir='ltr'><strong>nobis</strong></span> <span class='ocrx_word' id='word_1_197' title='bbox 466 2488 493 2533; x_wconf 92' lang='lat' dir='ltr'><strong>et</strong></span> <span class='ocrx_word' id='word_1_198' title='bbox 507 2486 661 2536; x_wconf 88' lang='lat' dir='ltr'><strong>enumerati</strong></span> <span class='ocrx_word' id='word_1_199' title='bbox 673 2489 751 2549; x_wconf 85' lang='lat' dir='ltr'><strong>sunt,</strong></span> <span class='ocrx_word' id='word_1_200' title='bbox 769 2483 803 2534; x_wconf 89' lang='lat' dir='ltr'><strong>de</strong></span> <span class='ocrx_word' id='word_1_201' title='bbox 816 2488 871 2534; x_wconf 89' lang='lat' dir='ltr'><strong>nori</strong></span> <span class='ocrx_word' id='word_1_202' title='bbox 884 2485 981 2550; x_wconf 87' lang='lat' dir='ltr'><strong>paucis</strong></span> <span class='ocrx_word' id='word_1_203' title='bbox 995 2483 1057 2533; x_wconf 92' lang='lat' dir='ltr'><strong>aliis</strong></span> <span class='ocrx_word' id='word_1_204' title='bbox 1071 2498 1140 2548; x_wconf 88' lang='lat' dir='ltr'><strong>quos</strong></span> 
     </span>
     <span class='ocr_line' id='line_1_27' title="bbox 196 2550 1143 2617; baseline -0.001 -16"><span class='ocrx_word' id='word_1_205' title='bbox 196 2551 231 2601; x_wconf 90' lang='lat' dir='ltr'><strong>ad</strong></span> <span class='ocrx_word' id='word_1_206' title='bbox 244 2566 350 2601; x_wconf 87' lang='lat' dir='ltr'><strong>reeens.</strong></span> <span class='ocrx_word' id='word_1_207' title='bbox 364 2556 438 2617; x_wconf 83' lang='lat' dir='ltr'><strong>trag.</strong></span> <span class='ocrx_word' id='word_1_208' title='bbox 451 2550 582 2602; x_wconf 86' lang='lat' dir='ltr'><strong>adhibere</strong></span> <span class='ocrx_word' id='word_1_209' title='bbox 595 2568 649 2604; x_wconf 92' lang='lat' dir='ltr'><strong>non</strong></span> <span class='ocrx_word' id='word_1_210' title='bbox 662 2552 768 2602; x_wconf 84' lang='lat' dir='ltr'><strong>licebat</strong></span> <span class='ocrx_word' id='word_1_211' title='bbox 780 2552 821 2601; x_wconf 90' lang='lat' dir='ltr'><strong>ita</strong></span> <span class='ocrx_word' id='word_1_212' title='bbox 831 2557 925 2602; x_wconf 87' lang='lat' dir='ltr'><strong>tamen</strong></span> <span class='ocrx_word' id='word_1_213' title='bbox 937 2566 1030 2601; x_wconf 88' lang='lat' dir='ltr'><strong>sumus</strong></span> <span class='ocrx_word' id='word_1_214' title='bbox 1043 2551 1143 2614; x_wconf 86' lang='lat' dir='ltr'><strong>edocti,</strong></span> 
     </span>
     <span class='ocr_line' id='line_1_28' title="bbox 194 2618 1145 2685; baseline -0.001 -17"><span class='ocrx_word' id='word_1_215' title='bbox 194 2623 225 2668; x_wconf 87' lang='lat' dir='ltr'><strong>ut</strong></span> <span class='ocrx_word' id='word_1_216' title='bbox 243 2634 289 2668; x_wconf 87' lang='lat' dir='ltr'><strong>eos</strong></span> <span class='ocrx_word' id='word_1_217' title='bbox 308 2634 401 2669; x_wconf 91' lang='lat' dir='ltr'><strong>omnes</strong></span> <span class='ocrx_word' id='word_1_218' title='bbox 425 2622 453 2669; x_wconf 92' lang='lat' dir='ltr'><strong>et</strong></span> <span class='ocrx_word' id='word_1_219' title='bbox 471 2618 595 2685; x_wconf 85' lang='lat' dir='ltr'><strong>uulgaris</strong></span> <span class='ocrx_word' id='word_1_220' title='bbox 617 2619 791 2675; x_wconf 83' lang='lat' dir='ltr'><strong>recensionis</strong></span> <span class='ocrx_word' id='word_1_221' title='bbox 814 2620 961 2669; x_wconf 85' lang='lat' dir='ltr'><strong>etaetatis</strong></span> <span class='ocrx_word' id='word_1_222' title='bbox 979 2618 1145 2668; x_wconf 86' lang='lat' dir='ltr'><strong>recentioris</strong></span> 
     </span>
     <span class='ocr_line' id='line_1_29' title="bbox 195 2685 1145 2753; baseline 0 -17"><span class='ocrx_word' id='word_1_223' title='bbox 195 2701 256 2737; x_wconf 87' lang='lat' dir='ltr'><strong>esse</strong></span> <span class='ocrx_word' id='word_1_224' title='bbox 269 2687 396 2736; x_wconf 73' lang='lat' dir='ltr'><strong>sciamus</strong></span> <span class='ocrx_word' id='word_1_225' title='bbox 427 2686 473 2737; x_wconf 86' lang='lat' dir='ltr'><strong>Sic</strong></span> <span class='ocrx_word' id='word_1_226' title='bbox 490 2703 533 2737; x_wconf 87' lang='lat' dir='ltr'><strong>x11</strong></span> <span class='ocrx_word' id='word_1_227' title='bbox 547 2688 787 2753; x_wconf 82' lang='lat' dir='ltr'><strong>Neapolitani,</strong></span> <span class='ocrx_word' id='word_1_228' title='bbox 806 2687 1007 2748; x_wconf 68' lang='lat' dir='ltr'><strong>uambrosiani</strong></span> <span class='ocrx_word' id='word_1_229' title='bbox 1017 2686 1045 2735; x_wconf 87' lang='lat' dir='ltr'><strong>M</strong></span> <span class='ocrx_word' id='word_1_230' title='bbox 1052 2685 1145 2737; x_wconf 91' lang='lat' dir='ltr'><strong>edio·</strong></span> 
     </span>
     <span class='ocr_line' id='line_1_30' title="bbox 194 2753 1143 2819; baseline -0.001 -15"><span class='ocrx_word' id='word_1_231' title='bbox 194 2754 370 2817; x_wconf 78' lang='lat' dir='ltr'><strong>lonenses,</strong></span> <span class='ocrx_word' id='word_1_232' title='bbox 393 2753 538 2807; x_wconf 88' lang='lat' dir='ltr'><strong>duodecim</strong></span> <span class='ocrx_word' id='word_1_233' title='bbox 555 2754 726 2806; x_wconf 87' lang='lat' dir='ltr'><strong>laurentiani</strong></span> <span class='ocrx_word' id='word_1_234' title='bbox 741 2755 950 2816; x_wconf 62' lang='lat' dir='ltr'><strong>morentini,</strong></span> <span class='ocrx_word' id='word_1_235' title='bbox 977 2770 1091 2819; x_wconf 90' lang='lat' dir='ltr'><strong>quorum</strong></span> <span class='ocrx_word' id='word_1_236' title='bbox 1106 2755 1143 2804; x_wconf 91' lang='lat' dir='ltr'><strong>H.</strong></span> 
     </span>
     <span class='ocr_line' id='line_1_31' title="bbox 192 2822 1144 2888; baseline -0.001 -15"><span class='ocrx_word' id='word_1_237' title='bbox 192 2823 277 2873; x_wconf 87' lang='lat' dir='ltr'><strong>Peter</strong></span> <span class='ocrx_word' id='word_1_238' title='bbox 295 2822 509 2888; x_wconf 86' lang='lat' dir='ltr'><strong>descriptionem</strong></span> <span class='ocrx_word' id='word_1_239' title='bbox 527 2824 671 2874; x_wconf 85' lang='lat' dir='ltr'><strong>nobiscum</strong></span> <span class='ocrx_word' id='word_1_240' title='bbox 689 2823 914 2882; x_wconf 87' lang='lat' dir='ltr'><strong>communicanit,</strong></span> <span class='ocrx_word' id='word_1_241' title='bbox 932 2822 985 2872; x_wconf 88' lang='lat' dir='ltr'><strong>duo</strong></span> <span class='ocrx_word' id='word_1_242' title='bbox 1005 2822 1073 2875; x_wconf 83' lang='lat' dir='ltr'><strong>bibl.</strong></span> <span class='ocrx_word' id='word_1_243' title='bbox 1087 2837 1144 2872; x_wconf 91' lang='lat' dir='ltr'><strong>mo·</strong></span> 
     </span>
     <span class='ocr_line' id='line_1_32' title="bbox 193 2889 1143 2955; baseline 0.003 -18"><span class='ocrx_word' id='word_1_244' title='bbox 193 2895 264 2939; x_wconf 86' lang='lat' dir='ltr'><strong>nast.</strong></span> <span class='ocrx_word' id='word_1_245' title='bbox 283 2890 312 2938; x_wconf 92' lang='lat' dir='ltr'><strong>in</strong></span> <span class='ocrx_word' id='word_1_246' title='bbox 329 2889 358 2937; x_wconf 87' lang='lat' dir='ltr'>M</span> <span class='ocrx_word' id='word_1_247' title='bbox 364 2897 442 2941; x_wconf 87' lang='lat' dir='ltr'><strong>onte</strong></span> <span class='ocrx_word' id='word_1_248' title='bbox 461 2890 586 2941; x_wconf 78' lang='lat' dir='ltr'><strong>Casino</strong></span> <span class='ocrx_word' id='word_1_249' title='bbox 609 2889 670 2955; x_wconf 88' lang='lat' dir='ltr'><strong>(No.</strong></span> <span class='ocrx_word' id='word_1_250' title='bbox 684 2893 735 2941; x_wconf 83' lang='lat'><strong>394</strong></span> <span class='ocrx_word' id='word_1_251' title='bbox 747 2891 844 2947; x_wconf 77' lang='lat' dir='ltr'><strong>memb,</strong></span> <span class='ocrx_word' id='word_1_252' title='bbox 858 2906 879 2941; x_wconf 88' lang='lat' dir='ltr'><strong>s.</strong></span> <span class='ocrx_word' id='word_1_253' title='bbox 892 2906 961 2939; x_wconf 80' lang='lat' dir='ltr'><strong>xrrrr</strong></span> <span class='ocrx_word' id='word_1_254' title='bbox 975 2889 1088 2939; x_wconf 90' lang='lat' dir='ltr'><strong>mutilus</strong></span> <span class='ocrx_word' id='word_1_255' title='bbox 1101 2906 1143 2940; x_wconf 89' lang='lat' dir='ltr'><strong>re·</strong></span> 
     </span>
     <span class='ocr_line' id='line_1_33' title="bbox 192 2957 1144 3023; baseline 0 -17"><span class='ocrx_word' id='word_1_256' title='bbox 192 2957 313 3020; x_wconf 83' lang='lat' dir='ltr'><strong>scriptus</strong></span> <span class='ocrx_word' id='word_1_257' title='bbox 326 2972 396 3007; x_wconf 85' lang='lat' dir='ltr'><strong>max.</strong></span> <span class='ocrx_word' id='word_1_258' title='bbox 409 2963 515 3023; x_wconf 88' lang='lat' dir='ltr'><strong>partem</strong></span> <span class='ocrx_word' id='word_1_259' title='bbox 527 2960 552 3009; x_wconf 91' lang='lat' dir='ltr'>N</span> <span class='ocrx_word' id='word_1_260' title='bbox 554 2975 578 3009; x_wconf 91' lang='lat' dir='ltr'><strong>o.</strong></span> <span class='ocrx_word' id='word_1_261' title='bbox 589 2962 639 3011; x_wconf 81' lang='lat'><strong>392</strong></span> <span class='ocrx_word' id='word_1_262' title='bbox 652 2960 751 3011; x_wconf 87' lang='lat' dir='ltr'><strong>memb.</strong></span> <span class='ocrx_word' id='word_1_263' title='bbox 761 2974 783 3007; x_wconf 92' lang='lat' dir='ltr'><strong>s.</strong></span> <span class='ocrx_word' id='word_1_264' title='bbox 794 2958 874 3022; x_wconf 80' lang='lat'>11111)</span> <span class='ocrx_word' id='word_1_265' title='bbox 888 2973 1002 3023; x_wconf 88' lang='lat' dir='ltr'><strong>quorum</strong></span> <span class='ocrx_word' id='word_1_266' title='bbox 1015 2958 1144 3007; x_wconf 84' lang='lat' dir='ltr'><strong>notitiam</strong></span> 
     </span>
     <span class='ocr_line' id='line_1_34' title="bbox 192 3022 1142 3091; baseline 0.002 -19"><span class='ocrx_word' id='word_1_267' title='bbox 192 3022 288 3072; x_wconf 90' lang='lat' dir='ltr'><strong>Ottoni</strong></span> <span class='ocrx_word' id='word_1_268' title='bbox 299 3024 442 3075; x_wconf 86' lang='lat' dir='ltr'><strong>Benndori</strong></span> <span class='ocrx_word' id='word_1_269' title='bbox 452 3027 596 3091; x_wconf 87' lang='lat' dir='ltr'><strong>debemus,</strong></span> <span class='ocrx_word' id='word_1_270' title='bbox 609 3028 678 3079; x_wconf 87' lang='lat' dir='ltr'><strong>Lob</strong></span> <span class='ocrx_word' id='word_1_271' title='bbox 686 3026 916 3078; x_wconf 81' lang='lat' dir='ltr'><strong>kowitzianus</strong></span> <span class='ocrx_word' id='word_1_272' title='bbox 927 3025 995 3077; x_wconf 87' lang='lat' dir='ltr'><strong>bibl.</strong></span> <span class='ocrx_word' id='word_1_273' title='bbox 1003 3026 1142 3075; x_wconf 81' lang='lat' dir='ltr'><strong>Raudnitz</strong></span> 
     </span>
     <span class='ocr_line' id='line_1_35' title="bbox 192 3088 1143 3160; baseline 0.003 -21"><span class='ocrx_word' id='word_1_274' title='bbox 192 3090 227 3139; x_wconf 84' lang='lat' dir='ltr'><strong>ad</strong></span> <span class='ocrx_word' id='word_1_275' title='bbox 239 3088 330 3139; x_wconf 84' lang='lat' dir='ltr'><strong>Albim</strong></span> <span class='ocrx_word' id='word_1_276' title='bbox 347 3090 378 3139; x_wconf 91' lang='lat' dir='ltr'><strong>in</strong></span> <span class='ocrx_word' id='word_1_277' title='bbox 394 3092 528 3147; x_wconf 85' lang='lat' dir='ltr'><strong>Bohemia</strong></span> <span class='ocrx_word' id='word_1_278' title='bbox 547 3097 655 3160; x_wconf 88' lang='lat' dir='ltr'><strong>(memb.</strong></span> <span class='ocrx_word' id='word_1_279' title='bbox 675 3112 700 3147; x_wconf 89' lang='lat' dir='ltr'><strong>a.</strong></span> <span class='ocrx_word' id='word_1_280' title='bbox 716 3094 792 3160; x_wconf 82' lang='lat'>1440)</span> <span class='ocrx_word' id='word_1_281' title='bbox 811 3096 888 3145; x_wconf 90' lang='lat' dir='ltr'><strong>cuins</strong></span> <span class='ocrx_word' id='word_1_282' title='bbox 905 3109 961 3144; x_wconf 92' lang='lat' dir='ltr'><strong>non</strong></span> <span class='ocrx_word' id='word_1_283' title='bbox 977 3092 1054 3143; x_wconf 89' lang='lat' dir='ltr'><strong>nulla</strong></span> <span class='ocrx_word' id='word_1_284' title='bbox 1072 3093 1085 3142; x_wconf 88' lang='lat' dir='ltr'><strong>i</strong></span> <span class='ocrx_word' id='word_1_285' title='bbox 1111 3094 1143 3143; x_wconf 88' lang='lat' dir='ltr'><strong>ia</strong></span> 
     </span>
     <span class='ocr_line' id='line_1_36' title="bbox 189 3156 1141 3219; baseline 0.006 -14"><span class='ocrx_word' id='word_1_286' title='bbox 189 3157 222 3208; x_wconf 87' lang='lat' dir='ltr'><strong>F.</strong></span> <span class='ocrx_word' id='word_1_287' title='bbox 245 3156 335 3219; x_wconf 82' lang='lat' dir='ltr'><strong>Pauly</strong></span> <span class='ocrx_word' id='word_1_288' title='bbox 357 3161 484 3212; x_wconf 88' lang='lat' dir='ltr'><strong>contulit.</strong></span> <span class='ocrx_word' id='word_1_289' title='bbox 520 3164 637 3215; x_wconf 85' lang='lat' dir='ltr'><strong>Accedit</strong></span> <span class='ocrx_word' id='word_1_290' title='bbox 657 3162 957 3214; x_wconf 86' lang='lat' dir='ltr'><strong>Vratislauiensis</strong></span> <span class='ocrx_word' id='word_1_291' title='bbox 980 3160 1054 3210; x_wconf 88' lang='lat' dir='ltr'><strong>alter</strong></span> <span class='ocrx_word' id='word_1_292' title='bbox 1093 3160 1141 3212; x_wconf 91' lang='lat' dir='ltr'><strong>ibl.</strong></span> 
     </span>
     <span class='ocr_line' id='line_1_37' title="bbox 188 3223 1141 3361; baseline 0.006 -22"><span class='ocrx_word' id='word_1_293' title='bbox 188 3223 492 3347; x_wconf 56' lang='lat' dir='ltr'><strong>astrueretur</strong></span> <span class='ocrx_word' id='word_1_294' title='bbox 507 3230 837 3359; x_wconf 59' lang='lat' dir='ltr'><strong>custoditius</strong></span> <span class='ocrx_word' id='word_1_295' title='bbox 848 3228 1141 3361; x_wconf 70' lang='lat' dir='ltr'><strong>attractae</strong></span> 
     </span>
     <span class='ocr_line' id='line_1_38' title="bbox 189 3356 1141 3436; baseline 0.002 -25"><span class='ocrx_word' id='word_1_296' title='bbox 189 3356 277 3435; x_wconf 60' lang='lat' dir='ltr'><strong>ellari·</strong></span> <span class='ocrx_word' id='word_1_297' title='bbox 291 3371 313 3405; x_wconf 77' lang='lat'><strong>⁸·</strong></span> <span class='ocrx_word' id='word_1_298' title='bbox 326 3358 376 3419; x_wconf 76' lang='lat' dir='ltr'><strong>xv)</strong></span> <span class='ocrx_word' id='word_1_299' title='bbox 394 3360 570 3416; x_wconf 80' lang='lat' dir='ltr'><strong>Gudianus</strong></span> <span class='ocrx_word' id='word_1_300' title='bbox 587 3368 842 3436; x_wconf 78' lang='lat' dir='ltr'><strong>guelpherbytanns</strong></span> <span class='ocrx_word' id='word_1_301' title='bbox 854 3365 905 3417; x_wconf 83' lang='lat' dir='ltr'><strong>lat.</strong></span> <span class='ocrx_word' id='word_1_302' title='bbox 918 3367 952 3415; x_wconf 81' lang='lat'><strong>34</strong></span> <span class='ocrx_word' id='word_1_303' title='bbox 963 3379 987 3419; x_wconf 86' lang='lat' dir='ltr'><strong>s.</strong></span> <span class='ocrx_word' id='word_1_304' title='bbox 1000 3378 1070 3413; x_wconf 88' lang='lat' dir='ltr'><strong>xrrrr</strong></span> <span class='ocrx_word' id='word_1_305' title='bbox 1083 3379 1141 3413; x_wconf 91' lang='lat' dir='ltr'><strong>mu·</strong></span> 
     </span>
     <span class='ocr_line' id='line_1_39' title="bbox 187 3422 1141 3497; baseline -0.003 -15"><span class='ocrx_word' id='word_1_306' title='bbox 187 3422 397 3475; x_wconf 72' lang='lat' dir='ltr'><strong>illu⁵1⁰·0ifin·</strong></span> <span class='ocrx_word' id='word_1_307' title='bbox 412 3432 947 3485; x_wconf 74' lang='lat' dir='ltr'><strong>-.VinccntiueBellonacensis</strong></span> <span class='ocrx_word' id='word_1_308' title='bbox 961 3431 1046 3497; x_wconf 89' lang='lat' dir='ltr'><strong>quiin</strong></span> <span class='ocrx_word' id='word_1_309' title='bbox 1059 3426 1141 3480; x_wconf 82' lang='lat' dir='ltr'><strong>xxx1⁰</strong></span> 
     </span>
     <span class='ocr_line' id='line_1_40' title="bbox 186 3490 1141 3568; baseline 0.008 -29"><span class='ocrx_word' id='word_1_310' title='bbox 186 3490 259 3539; x_wconf 89' lang='lat' dir='ltr'><strong>libro</strong></span> <span class='ocrx_word' id='word_1_311' title='bbox 272 3494 382 3554; x_wconf 87' lang='lat' dir='ltr'><strong>speculi</strong></span> <span class='ocrx_word' id='word_1_312' title='bbox 395 3500 532 3550; x_wconf 73' lang='lat' dir='ltr'><strong>naturalis</strong></span> <span class='ocrx_word' id='word_1_313' title='bbox 551 3500 687 3557; x_wconf 84' lang='lat' dir='ltr'><strong>(confecti</strong></span> <span class='ocrx_word' id='word_1_314' title='bbox 700 3518 772 3554; x_wconf 81' lang='lat' dir='ltr'><strong>anno</strong></span> <span class='ocrx_word' id='word_1_315' title='bbox 787 3502 863 3568; x_wconf 74' lang='lat' dir='ltr'><strong>lano)</strong></span> <span class='ocrx_word' id='word_1_316' title='bbox 882 3500 1030 3553; x_wconf 90' lang='lat' dir='ltr'><strong>nonnullos</strong></span> <span class='ocrx_word' id='word_1_317' title='bbox 1042 3512 1141 3549; x_wconf 89' lang='lat' dir='ltr'><strong>uersus</strong></span> 
     </span>
     <span class='ocr_line' id='line_1_41' title="bbox 186 3556 1141 3637; baseline 0.009 -30"><span class='ocrx_word' id='word_1_318' title='bbox 186 3573 201 3607; x_wconf 87' lang='lat' dir='ltr'><strong>e</strong></span> <span class='ocrx_word' id='word_1_319' title='bbox 216 3556 342 3637; x_wconf 72' lang='lat' dir='ltr'><strong>Senecae</strong></span> <span class='ocrx_word' id='word_1_320' title='bbox 355 3565 514 3629; x_wconf 83' lang='lat' dir='ltr'><strong>tragoediis</strong></span> <span class='ocrx_word' id='word_1_321' title='bbox 527 3569 609 3619; x_wconf 87' lang='lat' dir='ltr'><strong>affert</strong></span> <span class='ocrx_word' id='word_1_322' title='bbox 622 3585 675 3635; x_wconf 92' lang='lat' dir='ltr'><strong>quo</strong></span> <span class='ocrx_word' id='word_1_323' title='bbox 694 3586 760 3622; x_wconf 89' lang='lat' dir='ltr'><strong>usus</strong></span> <span class='ocrx_word' id='word_1_324' title='bbox 773 3575 818 3621; x_wconf 88' lang='lat' dir='ltr'><strong>est</strong></span> <span class='ocrx_word' id='word_1_325' title='bbox 829 3568 1036 3635; x_wconf 83' lang='lat' dir='ltr'><strong>tragoediarum</strong></span> <span class='ocrx_word' id='word_1_326' title='bbox 1050 3581 1141 3618; x_wconf 84' lang='lat' dir='ltr'><strong>exem·</strong></span> 
     </span>
     <span class='ocr_line' id='line_1_42' title="bbox 186 3624 818 3704; baseline 0.03 -30"><span class='ocrx_word' id='word_1_327' title='bbox 186 3624 250 3690; x_wconf 86' lang='lat' dir='ltr'><strong>plor</strong></span> <span class='ocrx_word' id='word_1_328' title='bbox 263 3626 357 3675; x_wconf 75' lang='lat' dir='ltr'><strong>utrius</strong></span> <span class='ocrx_word' id='word_1_329' title='bbox 370 3629 458 3685; x_wconf 88' lang='lat' dir='ltr'><strong>fuerit</strong></span> <span class='ocrx_word' id='word_1_330' title='bbox 470 3639 642 3691; x_wconf 85' lang='lat' dir='ltr'><strong>recensionis</strong></span> <span class='ocrx_word' id='word_1_331' title='bbox 654 3654 710 3691; x_wconf 92' lang='lat' dir='ltr'><strong>non</strong></span> <span class='ocrx_word' id='word_1_332' title='bbox 721 3638 818 3704; x_wconf 88' lang='lat' dir='ltr'><strong>liquet.</strong></span> 
     </span>
    </p>
   </div>
   <div class='ocr_carea' id='block_1_5' title="bbox 0 0 1380 4250">
    <p class='ocr_par' dir='ltr' id='par_1_7' title="bbox 0 0 1380 4250">
     <span class='ocr_line' id='line_1_43' title="bbox 0 0 1380 4250; baseline 0 6"><span class='ocrx_word' id='word_1_333' title='bbox 0 0 1380 4250; x_wconf 95' lang='lat' dir='ltr'><strong> </strong></span> 
     </span>
    </p>
   </div>
  </div>
 </body>
</html>
