2750 4250
532 342 713 393 'ramsolas

127 492 145 552 f
334 483 379 544 Et
393 485 455 562 qui
473 482 586 546 modias
601 483 707 545 diuidit
721 484 819 556 Vrsae,

287 569 419 630 fluminis
433 568 674 630 instariubricus
687 571 798 648 Anguis

288 671 457 733 magnoque
473 656 571 716 minor
585 656 686 715 iuncta
701 653 832 716 Draconi

289 739 396 819 frigida
413 739 488 801 duro
504 739 656 819 Cynosura
671 739 750 817 gelu,

291 824 466 908 [custosque
478 829 529 887 sui
540 827 651 888 tardor
658 824 813 906 plaustra]

289 913 348 972 iam
364 927 424 970 ooo
440 909 553 971 stabilis
567 918 637 971 ruet
651 909 851 991 Arctophylax

289 1005 483 1075 monstraque
498 1012 659 1075 numquam
675 994 797 1074 perfusa
814 997 890 1057 mari

290 1089 406 1158 merget
421 1080 554 1142 condens
567 1081 666 1142 omnia
682 1097 802 1160 gurges.

335 1215 408 1277 Nos
423 1235 439 1276 e
453 1223 536 1278 tanto
552 1217 608 1277 uisi
622 1216 735 1294 populo

292 1301 375 1378 digni
391 1308 542 1379 premeret
558 1319 632 1380 quos
647 1319 753 1362 euerso

292 1387 413 1448 cardine
429 1385 566 1448 mundus.

333 1522 374 1583 In
397 1540 462 1582 nos
482 1531 563 1583 aetas
577 1520 680 1583 ultima
696 1523 785 1584 uenit.

290 1605 395 1669 solitae
409 1607 512 1670 mundi
525 1609 644 1687 periere
658 1608 753 1669 uices:

290 1692 366 1754 nihil
381 1711 519 1763 occasus,
535 1691 609 1753 nihil
625 1699 708 1753 ortus
724 1695 789 1754 erit.

335 1828 443 1890 Oros
457 1828 533 1889 dura
548 1836 629 1890 sorte
644 1837 770 1901 creatos,

292 1932 346 1975 seu
360 1912 545 1993 perdidimus
560 1913 653 1974 solem
670 1915 780 1984 miseri,

292 2001 357 2060 siue
373 1998 554 2078 expulimus!

336 2135 451 2197 Abeant
465 2143 602 2213 questus,
619 2134 739 2197 discede
753 2137 852 2198 timor.

293 2222 373 2282 uitae
389 2227 434 2282 est
449 2220 554 2281 auidus
569 2220 703 2299 quisquis
718 2238 778 2282 non
795 2220 859 2283 uult

293 2306 405 2366 mundo
420 2322 522 2366 secum
536 2311 680 2384 pereunte
697 2307 782 2367 mori.

556 2470 692 2520 ATREVS

136 2610 151 2643 a
251 2576 391 2656 Aequalis
406 2579 494 2640 astris
510 2575 630 2655 gradior
646 2586 675 2639 et
691 2587 815 2640 cunctos
830 2595 920 2660 super

167 2661 258 2723 altum
274 2662 406 2742 superbo
420 2664 534 2724 uertice
549 2662 696 2742 attingens
711 2662 823 2741 polum.

170 2766 249 2809 nunc
263 2748 372 2810 decora
388 2750 474 2826 regni
489 2756 586 2818 teneo,
602 2766 682 2809 nunc
698 2748 804 2810 solium
819 2749 935 2827 patris:

171 2832 284 2893 dimitto
300 2850 441 2914 superos:
458 2850 573 2927 sipmma
588 2840 728 2894 uotorum
745 2835 837 2911 attigi.

140 2925 161 2985 a'
214 2917 295 2979 Bene
309 2928 364 2987 est,
381 2916 499 2978 abunde
514 2924 567 2986 est,
583 2919 641 2980 iam
657 2925 704 2980 sat
720 2927 764 2980 est
780 2920 867 2979 etiam
883 2916 963 2978 mihi.

171 3001 222 3061 sed
237 3021 290 3064 our
305 3003 375 3065 satis
390 3004 445 3065 sit?
461 3018 584 3080 pergam
600 3010 629 3063 et
643 3003 764 3082 inplebo
780 3011 896 3083 patrem

173 3087 275 3149 funere
289 3106 423 3150 suorum.
450 3106 488 3149 ne
504 3089 568 3166 quit
583 3088 716 3149 obstaret
731 3089 837 3168 pudor,

175 3172 236 3232 dies
249 3175 388 3234 recessit:
404 3191 496 3252 perge
512 3174 582 3233 dum
599 3173 713 3235 caelum
730 3180 826 3235 uacat.
1104 3188 1156 3240 895

145 3281 160 3331 b
215 3258 327 3319 Vtinam
344 3259 465 3337 quidem
481 3265 583 3321 tenere
597 3259 743 3338 fugientes
759 3260 831 3321 deos
1155 3267 1180 3311 θ

240 3429 288 3479 870
302 3430 353 3480 871
391 3434 432 3479 oct
447 3446 471 3478 o.
489 3429 540 3479 877
557 3430 735 3494 reponendos,
758 3446 782 3481 u.
799 3430 859 3480 ato.
879 3430 1013 3481 delendam
1029 3442 1086 3477 eoae

177 3491 223 3558 (cf.
233 3496 300 3548 Med.
316 3444 540 3561 sesumam.
564 3493 576 3564 ΙΙ
604 3499 655 3548 877
671 3512 728 3548 non
746 3497 887 3549 instabilis
905 3497 931 3547 E
959 3511 1014 3546 non
1032 3499 1089 3545 sto·

177 3561 242 3614 bitis
257 3566 281 3615 Α
303 3562 315 3633 Η
338 3564 480 3615 ATRavs
493 3564 544 3615 ΕΑ
568 3570 580 3633 Η
604 3566 655 3617 895
671 3566 794 3616 uocatA
813 3566 936 3618 uocotlt'
948 3572 967 3615 t.
980 3564 1025 3618 Gr.
1048 3560 1061 3629 Η

178 3630 228 3681 898
242 3634 348 3699 quidam
365 3633 401 3682 18ί
429 3634 539 3698 quidem
550 3632 615 3685 Ale·
637 3631 649 3701 Η
