2750 4250
580 334 611 380 L.
628 331 760 382 turtum
776 331 933 381 SENECAE

493 472 588 536 Nullis
602 478 672 533 note
688 472 851 545 Quiritibus

451 566 532 620 aetas
547 577 601 639 per
617 560 739 620 taciturn
755 558 836 618 lluet.

450 645 494 708 sie
509 661 576 705 cum
592 645 764 705 transierint
780 643 837 702 mei

450 729 532 791 nulla
548 747 614 790 cum
631 730 755 805 strepitu
771 727 841 797 dies,

451 814 585 896 plebeius
600 816 712 876 moriar
727 831 827 874 senex.

264 1017 284 1066 g
302 994 375 1069 (tu.)
495 983 540 1046 llll
556 1001 638 1045 murs
653 985 753 1062 grauis
768 981 896 1051 incubat,

452 1071 503 1150 qui
519 1077 628 1130 notus
643 1071 730 1130 nimis
746 1066 895 1138 omnibus,

451 1157 605 1232 ignatus
625 1155 752 1214 meritur
767 1152 833 1214 sibi.
1222 1169 1232 1192 ·

334 1370 524 1420 THYESTES.
554 1369 747 1419 Ttuutnvs.
779 1369 995 1418 PLISTHENES
1012 1367 1166 1424 TAGITVS.

264 1525 282 1558 a
386 1494 491 1574 optata
507 1495 621 1572 patriae
635 1500 712 1554 tecta
728 1501 757 1553 et
772 1492 915 1571 argolicas
930 1511 1011 1573 oper,

298 1581 473 1658 miserisque
489 1595 637 1640 summum
653 1596 688 1638 ee
704 1579 863 1638 maximum
880 1576 1015 1638 exulibus
1030 1577 1150 1647 bunum,
1216 1583 1248 1633 tut

298 1673 426 1726 tractum
441 1663 497 1725 suli
512 1663 617 1725 natalis
633 1671 662 1724 et
678 1664 789 1742 patrias
806 1662 877 1723 dens

300 1751 335 1831 (si
349 1757 418 1812 sunt
431 1758 531 1811 tamen
547 1749 585 1828 di)
603 1766 703 1818 cerna,
720 1746 879 1826 Cyclopum
895 1765 996 1810 sacres

298 1843 396 1896 turres
411 1834 514 1896 labare
530 1835 625 1895 maius
641 1834 772 1894 humane
789 1834 888 1902 decus,

301 1919 451 1981 celebrata
466 1921 568 1980 iuueni
582 1917 674 1980 stadia
692 1937 746 1998 per
762 1936 836 1997 quae
852 1917 959 1978 nobilis

300 2004 429 2084 palmam
444 2013 569 2083 paterne
584 2022 645 2065 non
660 2002 753 2064 semel
769 2021 860 2063 curru
875 2001 938 2063 tuli.
1028 2055 1031 2060 .
1217 2006 1265 2054 tu

269 2093 288 2144 b
349 2089 494 2152 Occurret
508 2091 618 2169 Argus,
635 2088 763 2168 pupulus
778 2096 918 2149 occurret
931 2090 1081 2168 frequens,

298 2175 351 2237 sed
366 2193 475 2253 nempe
492 2182 521 2236 et
535 2176 650 2236 Atreus
675 2182 778 2255 repete
796 2173 949 2235 siluestres
965 2175 1049 2253 luges

299 2259 449 2339 saltusque
465 2259 573 2322 densus
587 2261 684 2339 petius
701 2268 730 2320 et
744 2260 865 2319 mixtam
882 2258 975 2318 ieris·

299 2345 485 2424 similemque
502 2347 603 2406 uitem.
631 2344 729 2405 clarus
744 2344 792 2405 hic
807 2344 892 2421 regni
908 2344 989 2405 nitur

298 2430 415 2509 fulgore
429 2448 489 2490 nan
506 2429 645 2511 estquod
661 2428 763 2490 oculos
778 2429 851 2490 falsa
868 2430 992 2491 autera.

300 2513 381 2600 [cam
395 2519 479 2591 qaod
490 2519 585 2578 datar
598 2516 757 2593 spectabis,
775 2522 804 2576 et
819 2518 942 2576 dautem
957 2509 1095 2597 adspice]

263 2618 280 2652 c
341 2600 427 2661 liudo
442 2602 519 2661 inter
534 2601 584 2661 illa
601 2620 675 2679 quae
692 2610 796 2679 putant
812 2600 911 2662 cuncti
927 2618 1033 2680 aspera

298 2686 383 2747 tortis
398 2686 439 2746 sui
454 2686 623 2765 laetusque,
639 2704 720 2747 nunc
736 2693 839 2747 cantra
855 2686 885 2745 in
902 2693 998 2747 metus

297 2770 455 2841 reuuluur,
472 2774 616 2833 animus
630 2770 763 2832 haeret
783 2777 914 2838 ceretro
931 2772 1011 2849 cupit

298 2875 407 2937 corpus
422 2858 546 2928 referre,
562 2875 668 2919 manen
684 2854 988 2933 ualentem-gradum.

298 2956 401 3004 utun.
426 2945 511 3022 pigro
528 2941 607 3022 (quid
624 2941 680 3001 hoc
696 2942 771 3019 esti)
789 2942 904 3019 genitur
919 2942 1038 3001 incessu
1054 2946 1152 3019 stupet

367 3149 416 3197 396
440 3150 564 3210 notaque
589 3145 728 3195 coetibus
752 3148 783 3194 εἰ.
803 3144 948 3195 L.Muelter
979 3141 992 3213 ll
1024 3147 1082 3197 401.
1101 3145 1149 3195 402
1176 3142 1209 3191 in·

297 3229 374 3264 uerso
392 3216 483 3264 ordine
501 3217 617 3277 lequntur
634 3218 660 3262 ln
678 3212 711 3271 E,
730 3228 799 3263 carr.
818 3216 834 3261 2
852 3215 894 3263 ael
912 3216 929 3263 3
946 3230 977 3263 m.
1002 3215 1096 3265 litteris
1119 3210 1211 3263 ameri-

296 3285 359 3346 ptr’c.
395 3279 407 3347 ll
440 3282 585 3344 Thyestes.
608 3280 788 3345 Phylistencs
806 3280 832 3330 Α
862 3280 1060 3333 THYESTES.
1085 3278 1210 3331 TANTA-

298 3349 375 3400 nvs
393 3348 630 3400 rumunnense.
649 3348 814 3399 suerrus,
832 3348 858 3399 n
881 3346 892 3416 q
915 3352 965 3401 tue
983 3354 1091 3401 eaelum
1103 3349 1143 3401 Αε
1159 3351 1210 3396 trt-

299 3421 373 3467 ctum
392 3416 443 3468 Bo.
473 3414 486 3483 ΙΙ
513 3419 564 3466 412
586 3418 738 3482 subnempe
756 3417 782 3466 E
808 3422 918 3482 repetet
936 3417 962 3466 E
981 3416 1006 3481 (t
1025 3420 1075 3469 del.
1095 3413 1169 3479 3m.)
1189 3408 1200 3477 ss

298 3488 348 3537 ltu
367 3486 449 3551 quiqr
469 3484 597 3551 qnodEa
614 3501 876 3539 uerrumom.aa.eae
888 3488 964 3548 Pau„
982 3502 999 3553 q
1020 3481 1033 3553 ΙΙ
1062 3488 1111 3537 416
1129 3488 1208 3551 quall

299 3554 365 3619 qnid
383 3555 425 3605 alt
452 3553 562 3619 quch
579 3570 678 3604 uersam
691 3556 739 3606 del.
754 3556 818 3609 [tr.
842 3550 854 3620 ll
877 3556 927 3605 421
946 3554 1014 3621 Phy.
1028 3555 1054 3605 Α
1073 3545 1209 3604 ΤΑΝΤ.Ε

299 3620 348 3688 (sic
358 3639 409 3688 per
420 3630 498 3675 totam
509 3621 638 3688 scaenam)
660 3619 673 3689 li
