2750 4250
517 364 717 413 nonunnno
1011 347 1074 415 323

309 524 379 567 aura
395 506 513 585 stringit
527 504 612 567 litora
629 514 692 567 tuta

308 592 534 670 timidusque
550 592 623 651 mori
639 592 763 653 credere
778 591 916 653 cumbam

233 690 237 699 ·
309 695 391 738 remo
408 685 502 739 terres
518 677 659 754 propiore
673 675 752 753 legit.

398 942 660 992 OLYTEMESTRA.
684 943 827 991 riurein.

199 1101 273 1172 Quid
289 1102 387 1179 segnis
402 1101 499 1162 anime
516 1108 577 1159 mla
593 1098 715 1159 consilia
732 1102 863 1178 expetis?

161 1186 224 1264 quid
239 1186 408 1246 fluctuaris?
431 1183 531 1246 clausa
547 1184 605 1247 iam
622 1184 727 1245 melior
743 1186 790 1245 uin
807 1195 860 1247 est.

160 1270 236 1331 licuit
251 1270 373 1348 pudicos
389 1270 523 1347 coniugis
539 1269 688 1347 quondam
705 1278 787 1331 toros

161 1364 186 1415 et
200 1363 316 1434 sceptra
331 1362 410 1417 casia
425 1354 514 1415 uidua
530 1356 620 1416 tutari
637 1354 704 1416 fide.

160 1442 273 1518 periere
289 1458 386 1501 mores
401 1441 446 1501 ius
461 1439 551 1501 denus
566 1442 659 1518 pieins
674 1440 749 1501 fides

161 1527 248 1603 etqui
265 1525 375 1593 redire.
394 1542 460 1585 oum
476 1526 569 1601 perit,
586 1525 683 1585 nesoit
698 1525 804 1602 pudor.

161 1610 191 1668 (ia
207 1610 288 1670 irena
306 1617 335 1670 et
350 1627 468 1670 omnem
484 1626 577 1688 prone
594 1610 753 1686 nequitiam
769 1611 873 1673 incito:

161 1712 209 1773 per
224 1693 334 1755 sceiere
350 1711 469 1771 semper
484 1692 647 1754 sceleribus
662 1699 757 1753 tuturo
773 1703 818 1755 est
833 1698 897 1756 iter.

126 1816 127 1825 κ
198 1780 306 1840 Tecum
322 1781 384 1858 ipsa
400 1796 479 1839 nuno
495 1776 602 1839 euoiue
618 1778 762 1839 femineos
777 1779 876 1850 dolos,

162 1864 233 1941 quod
248 1862 305 1925 ulia
321 1865 449 1925 coniunx
465 1862 577 1940 periida
593 1871 681 1941 atque
698 1865 784 1940 inpos
798 1866 845 1926 sui

163 1966 255 2010 amore
270 1967 374 2016 oeeoo,
392 1948 471 2027 quod
487 1946 662 2009 nouerooles
678 1966 783 2010 manus

162 2051 257 2104 nusae,
273 2033 352 2114 quod
367 2033 476 2094 ardens
491 2033 571 2110 inpia
588 2034 673 2110 uirgo
691 2033 754 2093 iace

161 2118 289 2196 phasiana
304 2120 421 2198 fugiens
437 2133 528 2194 regna
545 2116 701 2180 thessalica
718 2119 817 2181 trabe:

164 2204 267 2264 ierrum
283 2221 408 2266 ueneno.
439 2202 488 2264 uel
504 2221 678 2282 mycenoens
693 2204 798 2266 domos

163 2291 307 2352 coniuncta
323 2290 404 2350 sooio
419 2288 546 2366 proiuge
562 2287 669 2366 furtiue
687 2297 760 2348 rate.

164 2374 225 2451 quid
239 2374 337 2436 timida
352 2373 485 2454 loqueris
501 2374 579 2434 iurin
595 2381 624 2434 ei
638 2372 759 2435 exilium
774 2383 804 2436 et
819 2375 923 2452 iuges?

164 2475 239 2520 soror
253 2461 307 2520 isia
323 2460 401 2520 iecit.
433 2467 461 2519 te
477 2458 673 2520 decetmeius
689 2458 782 2520 neies.
1090 2465 1140 2516 126

200 2557 297 2604 uvnn.
321 2543 434 2621 Regina
451 2543 583 2604 Danaum
599 2550 628 2604 et
646 2542 777 2606 inolitum
794 2545 891 2606 Ledae
907 2562 1001 2624 genus

165 2629 224 2705 quid
239 2631 325 2690 tacita
342 2645 445 2690 uersas
460 2627 570 2707 quidue
586 2627 700 2689 consilii
715 2629 855 2709 inpotens

165 2714 263 2774 tumido
278 2715 395 2774 feroces
409 2715 537 2791 impetus
553 2714 650 2772 animo
666 2715 766 2788 geris?

166 2795 222 2881 lieet
235 2800 295 2879 ipsa
311 2799 414 2868 silens,
430 2804 510 2858 totus
525 2799 555 2856 in
570 2794 653 2858 uultu
671 2807 717 2858 est
732 2798 825 2859 dolor.

166 2885 237 2958 proin
253 2882 392 2964 quioquid
411 2889 469 2952 esi,
486 2882 523 2942 da
539 2889 656 2960 tempus
671 2901 707 2944 ao
722 2886 849 2963 spatium
864 2883 926 2945 tibi.
1089 2891 1153 2941 130.

167 2968 232 3043 quod
247 2971 321 3030 ratio
337 2986 396 3028 non
411 2969 491 3047 quii,
509 2984 597 3046 saepe
613 2969 728 3028 sanauit
744 2987 836 3030 mora.

168 3146 343 3154 ψ

221 3256 420 3322 Clytemestra
437 3257 527 3324 nbique
545 3257 618 3308 EBG
628 3254 641 3324 [l
659 3259 708 3308 109
726 3255 831 3319 anime)
850 3274 864 3308 e
883 3259 910 3307 in
927 3273 980 3308 rae.
999 3255 1037 3306 E²
1055 3257 1070 3321 ΙΙ

169 3323 205 3372 112
220 3326 301 3377 nidnn
321 3340 335 3378 e
352 3327 548 3392 Reyiomontani
564 3325 629 3375 liber
652 3325 747 3375 innota
764 3326 789 3374 A
819 3321 832 3390 ss
861 3327 908 3375 121
926 3326 965 3375 th.
984 3339 1071 3391 graue

168 3388 259 3458 Essiii
270 3397 431 3447 mieseneas
444 3393 539 3444 domos
549 3392 576 3442 Ε
594 3393 748 3442 micenenm
759 3392 868 3443 domum
882 3393 903 3444 G
914 3392 1071 3458 Mycenaea

169 3457 232 3513 dono
249 3465 272 3514 Α
290 3479 381 3516 uermes
398 3478 475 3528 oneo
491 3457 502 3527 11
521 3461 569 3512 126
587 3459 669 3511 Soror
686 3460 712 3508 E
726 3461 909 3513 &Fabricius
927 3461 991 3512 Sors
1009 3463 1035 3510 A
1056 3461 1070 3524 11

170 3528 207 3578 126
223 3535 247 3582 et
263 3547 309 3582 orn.
329 3544 343 3582 ε
366 3527 378 3596 ΙΙ
402 3532 451 3580 127
469 3528 586 3580 oonsilio
603 3528 629 3578 E
651 3523 663 3591 ΙΙ
689 3530 737 3579 130
759 3529 880 3580 Proinde
901 3528 1031 3594 quiequid
1048 3545 1071 3578 ω

169 3593 235 3646 Proin
256 3599 320 3664 qnid
345 3615 364 3648 α
392 3597 477 3648 Proin
495 3596 627 3662 quiequid
644 3597 752 3660 Lipsius
780 3593 793 3663 ΙΙ
822 3600 870 3650 131
893 3613 949 3648 non
966 3597 1028 3660 quit
1044 3594 1070 3644 ln*

170 3666 247 3727 nequit
263 3676 285 3730 ψ
303 3667 426 3730 nequiit
444 3681 462 3715 α
486 3661 497 3731 il

797 3745 867 3808 21*
