2750 4250
281 276 343 343 328
672 289 815 338 rncccrr

282 450 350 493 nam
366 448 432 492 scra
448 448 610 509 numquam
627 429 723 491 estad
739 429 836 490 bonos
851 448 952 490 mores
967 432 1022 491 uia.

283 534 372 597 quem
388 516 520 594 paenitet
536 532 693 593 peccasse,
710 532 806 593 paene
822 523 867 575 est
882 515 1034 576 innocens.

325 612 404 661 suc.
432 598 496 669 Quo
512 601 626 677 raperis
642 600 763 661 amens?
786 600 885 660 credis
899 607 951 660 aut
964 617 1066 678 speras
1080 598 1129 658 tibi
1197 607 1229 653 tlt

283 686 514 764 Agamemnonis
529 682 616 745 fidele
633 685 824 763 coniugium?
847 693 880 746 ut
894 684 969 746 nihil

285 769 421 831 subesset
436 770 533 829 animo
549 769 628 848 quod
644 785 753 847 graues
768 768 881 829 laceret
896 778 1007 838 metus,

284 861 382 917 tamen
398 852 527 933 superba
544 861 573 914 ct
588 854 725 932 inpotens
740 853 812 915 llatu
827 856 916 915 nimis

285 940 405 1001 fortuna
420 955 528 1016 magno
546 940 667 1015 spiritus
683 939 812 999 tumidos
827 938 921 1000 daret.

327 1024 434 1087 Grauis
449 1023 499 1083 illc
514 1024 603 1083 sociis
618 1030 713 1083 stante
729 1023 827 1084 adhuc
842 1022 932 1084 Troia
949 1023 1012 1084 luit.
1203 1029 1233 1076 ut

283 1109 354 1189 quid
369 1126 437 1169 rere
453 1108 489 1169 ad
505 1109 634 1168 animum
651 1115 756 1184 suapte
771 1114 877 1169 natura
893 1115 1008 1169 trucem

283 1194 402 1255 Troiam
417 1191 582 1255 addidisset
606 1209 660 1252 rex
674 1192 952 1271 Mycenarum-luit,

283 1280 384 1354 ueniet
398 1286 556 1357 tyrannus:
578 1294 724 1356 prospera
740 1278 855 1337 animos
870 1278 1007 1338 efferunt.

284 1364 376 1424 eliusa
392 1364 471 1423 circa
487 1361 632 1440 paelicum
648 1369 759 1441 quanto
775 1362 857 1422 uenit

284 1446 372 1509 turba
388 1454 540 1526 apparatu.
572 1444 633 1507 sola
649 1446 702 1506 sed
718 1445 805 1506 turba
821 1447 931 1507 eminet

284 1539 427 1609 tenetque
442 1548 543 1609 regem
560 1530 668 1591 lamula
684 1530 807 1590 ueridici
822 1530 879 1591 dci.

325 1617 456 1678 Feresne
472 1613 592 1675 thalami
607 1616 685 1675 uicta
701 1623 870 1676 consortem
886 1617 947 1677 tui?

287 1699 379 1763 stilla
396 1699 486 1761 nolet.
517 1698 654 1760 ultimum
671 1706 716 1759 cst
730 1707 840 1778 nuptae
855 1699 965 1761 malum

285 1785 383 1867 palam
399 1786 536 1846 maritam
551 1782 706 1861 possidens
721 1782 827 1862 paelex
842 1786 973 1846 domum.

285 1889 341 1932 nec
356 1887 449 1949 regna
465 1870 578 1931 socium
595 1867 674 1929 lcrre
691 1886 747 1929 nec
762 1870 865 1931 taedae
879 1871 987 1930 sciunt.
1206 1870 1237 1920 ast

328 1966 427 2015 cunr.
450 1954 589 2031 aegistho
605 1953 674 2030 quid
691 1972 740 2014 me
755 1971 861 2015 rursus
876 1956 904 2014 in
921 1972 1067 2035 praeceps
1081 1955 1142 2034 agis

285 2041 420 2119 iramque
435 2038 563 2100 flammis
579 2038 635 2099 iam
653 2038 836 2099 residentem
852 2040 974 2100 incitas?
1031 2064 1036 2069 ·

286 2126 422 2203 permisit
436 2122 546 2204 aliquid
562 2124 659 2184 uictor
673 2125 703 2183 in
720 2131 837 2202 captam
852 2124 936 2186 sibi:.

286 2227 343 2270 nec
359 2210 515 2287 coniugem
532 2208 590 2268 hoc
606 2209 756 2287 respicere
772 2227 829 2270 nec
844 2210 994 2272 dominam
1011 2211 1104 2272 dccet

331 2294 392 2354 Ler
409 2292 464 2354 alia
480 2292 553 2353 solio
570 2302 615 2354 est
629 2292 684 2354 alia
700 2295 819 2372 priuato
834 2294 866 2354 in
881 2303 957 2356 toro.
1205 2292 1237 2342 att

240 2415 244 2421 -
287 2379 359 2459 quid
375 2379 454 2457 quod
471 2396 592 2440 seueras
607 2377 687 2438 lcrrc
703 2396 751 2439 mc
766 2377 848 2455 leges
863 2382 929 2440 uiro

287 2481 348 2524 non
364 2465 474 2542 patitur
490 2465 605 2524 animus
620 2462 715 2541 turpis
731 2463 851 2524 admissi
866 2483 991 2526 memor.

288 2549 338 2610 det
353 2548 402 2610 ille
417 2549 535 2609 neniam
553 2546 639 2608 lacile
655 2549 704 2608 cui
719 2549 805 2608 uenia
820 2553 867 2610 cst
882 2566 965 2626 opus.

329 2647 409 2695 Auo.
434 2634 474 2694 lta
491 2632 555 2694 est?
577 2634 687 2711 pacisci
703 2640 834 2693 mutuam
851 2635 969 2695 ueniam
985 2632 1073 2695 licet?
1243 2650 1245 2703 ι

285 2721 387 2799 ignota
402 2719 454 2780 tibi
470 2726 539 2779 sunt
554 2719 618 2778 iura
633 2735 796 2796 regnorum
812 2718 885 2779 haut
899 2737 986 2780 noua.
1207 2715 1245 2779 att}

287 2803 374 2866 nobis
390 2803 509 2882 maligni
523 2802 636 2864 iudices
652 2803 739 2880 acqui
754 2801 811 2862 sibi

355 3044 407 3093 244
425 3055 549 3108 poenes
569 3055 587 3090 or
616 3036 629 3104 11
657 3040 708 3090 255
726 3038 786 3089 solo
804 3039 854 3090 sed
871 3041 953 3091 turbo
972 3041 1118 3092 eminetE
1145 3039 1195 3090 sols

287 3110 335 3162 sed
348 3111 428 3175 longe
443 3126 494 3160 em.
507 3109 531 3158 Α
550 3107 633 3156 turbo
646 3107 696 3157 sed
707 3107 790 3173 longe
804 3124 855 3158 em.
868 3109 909 3157 Ml
920 3105 932 3175 ΙΙ
943 3110 993 3159 256
1006 3125 1121 3176 regnum
1132 3108 1167 3158 lE
1184 3106 1193 3167 ll

286 3180 337 3232 258
355 3178 443 3229 nollet
460 3177 486 3225 E
514 3173 526 3241 ΙΙ
555 3176 605 3226 259
628 3175 729 3224 merita
752 3191 788 3226 ecc
811 3192 880 3226 corr.
898 3193 940 3241 pr.
959 3193 991 3226 m.
1010 3177 1036 3226 Ε
1065 3173 1194 3228 maritis

286 3246 421 3327 maritam
439 3245 514 3326 N.H⁸‘
543 3241 548 3310 1
584 3244 633 3292 261
654 3241 734 3324 (liclia
752 3243 777 3292 A
799 3259 846 3294 om.
865 3243 902 3293 E¹
920 3247 968 3295 sed
997 3244 1039 3326 (ll.
1058 3247 1120 3296 add.
1137 3241 1193 3303 [¹1¹³ss

288 3313 393 3446 ilici
409 3307 566 3446 lttqil
580 3313 764 3446 366ὲὲξὲἓῖ
780 3309 1194 3448 littptssittlttltlill

286 3477 320 3487 -
332 3465 386 3501 non
398 3475 432 3488 -
451 3455 485 3504 ὀ.
499 3467 521 3502 υ.
536 3449 564 3497 l.’
583 3447 655 3499 Dela.
668 3443 679 3512 Η
692 3449 741 3497 265
754 3447 825 3499 solio
838 3448 890 3498 EA
910 3449 987 3499 socio
999 3460 1023 3512 ψ
1034 3445 1048 3515 ll
1059 3443 1193 3514 priustcE

287 3521 398 3586 priuato
416 3519 441 3569 Α
471 3515 483 3586 ΙΙ
513 3519 542 3567 in
561 3519 620 3566 loro
640 3515 688 3580 Εψ
711 3516 741 3565 in
757 3516 848 3569 om.A
879 3513 890 3578 ΙΙ
920 3519 971 3568 270
989 3521 1040 3567 aut
1057 3513 1193 3568 uncrtet

285 3587 360 3639 haud
378 3590 402 3640 Α
424 3585 439 3656 ss
