2750 4250
536 343 714 391 THYESTES

181 485 260 560 agitas
274 482 428 544 modullis?
447 483 554 560 flagrat
569 485 721 544 incensum
739 484 785 542 siti

181 586 223 627 cor
240 576 267 628 et
281 569 408 646 perustis
423 567 542 629 flamura
559 567 726 630 uisceribus
742 570 839 628 micat.
885 613 888 620 r

182 648 313 737 [sepum]
528 730 533 741 .
1100 671 1151 718 too

163 787 169 805 ,
212 751 284 798 nvn.
307 739 394 799 Hunc
414 738 494 798 hunc
510 739 642 798 furorem
659 738 759 799 diuide
775 741 806 799 in
823 746 914 800 totam
931 739 1060 799 domum.

149 812 163 861 g
179 825 265 884 sicsic
280 823 412 884 ferantur
428 832 457 884 et
472 841 557 883 suum
574 824 681 885 intonsi
696 825 824 884 inuicem

180 910 266 968 sitiant
280 926 428 969 cruorem.
455 911 544 969 sentit
559 910 698 971 introitus
713 919 779 970 tuos

181 994 274 1053 doinus
288 1002 317 1054 et
331 993 460 1054 nefando
476 1001 535 1056 tota
553 1004 690 1055 contactu
702 994 834 1060 horruit.

153 1067 166 1115 ¹¹
216 1081 313 1138 Actum
329 1086 373 1139 est
388 1077 517 1139 abunde.
544 1079 671 1156 gradere
686 1079 722 1139 ad
739 1080 871 1140 internos
886 1097 993 1158 specus

180 1181 341 1243 amnemque
356 1175 475 1224 uotum:
492 1165 550 1225 ianr
567 1172 649 1225 tuum
666 1171 795 1224 maestae
812 1164 917 1241 podem

179 1257 266 1309 terrae
281 1256 454 1326 grauanter.
484 1251 597 1319 cernis,
614 1256 647 1309 ut
662 1250 751 1310 fontis
767 1248 864 1327 liquor

178 1334 314 1393 introrsus
328 1342 412 1394 actus
426 1333 557 1413 linquat,
573 1341 605 1395 ut
620 1337 704 1412 ripae
719 1342 827 1395 uacent

180 1426 334 1499 uentosque
350 1437 435 1480 raras
451 1421 556 1498 igneus
571 1419 668 1480 nubes
683 1420 777 1480 feratu
822 1475 825 1482 .

148 1493 168 1550 h'
212 1503 343 1564 Pallascit
358 1506 455 1565 omnis
470 1504 560 1565 arhor
576 1523 610 1566 ac
626 1504 723 1565 nudus
738 1506 817 1565 stetit
1101 1519 1149 1566 110

179 1587 294 1666 fugiente
309 1608 400 1668 pomo
416 1607 519 1650 ramos
541 1600 570 1650 et
586 1591 635 1669 qui
650 1588 790 1650 fluctibus

178 1671 246 1733 illinc
261 1676 434 1753 propinquis
449 1675 577 1736 isthmos
593 1681 680 1752 atque
696 1673 777 1734 illinc
793 1673 891 1734 iremit

178 1759 263 1818 uicina
278 1759 380 1837 gracili
397 1759 535 1820 diuidens
550 1768 629 1820 terra
647 1759 732 1828 uada,

177 1840 252 1920 longe
266 1853 380 1906 remoto
394 1844 463 1905 litus
478 1845 597 1905 exaudit
610 1861 692 1905 sonu.

145 1919 171 1974 h''
214 1929 268 1988 iam
283 1929 380 1990 Lerna
395 1937 477 1991 retro
494 1931 591 2000 cessit,
601 1938 630 1989 ot
644 1929 826 2006 phoronides

178 2011 278 2074 latuere
293 2033 389 2075 uenae
410 2033 466 2075 ncc
481 2032 549 2075 suas
563 2016 679 2093 profert
694 2032 778 2075 sacer

178 2096 294 2176 Alpheos
309 2100 404 2161 undas
425 2107 454 2161 et
470 2099 656 2162 Cithaeronis
671 2100 737 2176 iuga

177 2191 245 2243 stant
258 2192 339 2261 parte
354 2184 434 2245 uuila
451 2202 522 2245 caua
546 2184 677 2263 deposita
694 2187 764 2245 niue

180 2269 330 2349 timentque
345 2279 479 2332 ueterem
496 2269 612 2331 nobiles
626 2271 696 2347 Argi
712 2272 799 2329 sitim.

151 2355 165 2386 ³
217 2353 257 2413 En
272 2357 334 2432 ipse
350 2356 436 2416 Titan
452 2355 581 2424 dubitat,
598 2374 635 2415 an
651 2354 749 2414 iubeat
767 2356 850 2433 sequi

180 2447 311 2519 cogatque
327 2440 453 2500 habenis
467 2442 512 2501 ire
528 2442 695 2518 periturum
713 2440 799 2501 diern.

544 2605 681 2654 CHORVS

151 2717 164 2748 a
362 2697 458 2774 Argos
470 2696 507 2757 dc
522 2696 639 2773 superis
654 2696 683 2755 si
700 2697 783 2772 quis
799 2694 950 2757 achaicum

315 2783 490 2859 pisaeasque
505 2781 611 2840 donnas
626 2779 765 2841 curribus
780 2779 903 2849 inclitas,

314 2865 420 2925 isthmi
436 2868 468 2926 si
483 2867 567 2943 quis
583 2872 661 2925 arnat
675 2882 767 2942 regna
784 2865 922 2926 corinthii

315 2958 345 3011 et
359 2959 463 3029 portus
480 2952 613 3029 geminos
629 2957 658 3010 et
674 2968 756 3010 mare
773 2950 927 3020 dissidens,
1100 2963 1149 3011 125

174 3066 363 3079 ᾗ----------ιι

233 3122 278 3171 100
305 3136 406 3185 sequor
424 3138 445 3171 ω
469 3138 517 3172 om.
537 3137 556 3170 α
590 3117 603 3188 ss
636 3121 682 3171 101
709 3135 781 3169 nunc
802 3137 816 3170 0
835 3120 996 3184 furor'emp
1026 3120 1080 3169 Me.

175 3189 540 3307 ttd‘dh'ttd¹id⁰¹¹t
553 3206 580 3323 “p
608 3188 814 3308 iisquiindimi
832 3188 969 3306 {didi
988 3189 1081 3323 iiiia)

180 3295 256 3372 tuo)
279 3329 356 3375 tuum
374 3325 440 3374 ΕᾹΕ
469 3298 578 3392 hpede
597 3328 622 3375 A
651 3324 749 3390 pedem
768 3322 961 3387 hauteur.)
989 3324 1002 3391 ἸΙ
1032 3326 1082 3374 114

177 3396 279 3442 remotos
299 3394 375 3444 latus
395 3394 508 3443 exaudit
527 3410 608 3445 sonos
621 3394 646 3443 Α
666 3409 688 3441 r.
707 3392 775 3441 litus
795 3409 836 3444 ex.
856 3408 915 3445 son.
933 3393 959 3442 E
977 3390 1006 3457 (t.
1023 3390 1080 3457 Gr.)

178 3461 282 3510 remotis
299 3462 368 3511 litus
389 3478 430 3511 ex.
449 3461 538 3511 sonis
561 3465 592 3515 ci.
612 3462 689 3512 Gron.
719 3466 828 3512 remoto
853 3460 919 3510 litus
947 3477 988 3511 ex.
1008 3476 1080 3511 sono

177 3528 256 3591 ratpot
272 3528 343 3591 (litua
361 3531 416 3582 ie.
435 3528 516 3593 mare)
545 3527 557 3595 ΙΙ
589 3532 637 3579 115
655 3529 768 3579 terrala'
790 3530 907 3579 leruaA
932 3525 943 3595 Η
967 3530 1015 3578 116
1036 3544 1080 3579 sa-

178 3598 262 3645 erasa
286 3614 367 3648 sacer
385 3598 412 3646 E
440 3594 451 3663 ΙΙ
480 3596 624 3649 CHORVS
647 3598 699 3647 EA
729 3594 740 3664 l(
770 3601 818 3649 123
842 3600 1008 3663 pisaeasque
1028 3598 1081 3648 ΑΕ

177 3660 322 3731 pireisuep
351 3662 363 3732 [Ι
393 3666 515 3716 turribus
533 3668 558 3716 Α
579 3666 703 3716 curribus
721 3666 747 3715 Ε
776 3662 788 3734 Η
