2750 4250
501 376 703 425 AGAMEMNO

157 516 221 597 quid
234 518 294 597 ipse
308 524 399 577 temet
414 515 545 578 consulis
561 523 683 595 torques
698 532 788 594 rogas

157 620 189 661 an
204 602 300 663 deceat
314 600 372 662 hoc
386 603 434 663 tel
458 602 574 681 respice
589 602 626 661 ad
641 609 783 663 matrem:
807 601 900 664 decet.

195 686 248 747 Sed
263 704 312 747 cur
326 694 451 765 repente
466 686 561 747 noctis
577 688 706 747 aestiuae
721 689 802 748 uices

156 770 268 831 hiberna
282 770 367 850 longa
383 772 475 849 spatia
491 770 660 850 producunt
675 789 760 833 mora

157 864 201 915 aut
215 856 279 935 quid
295 856 434 918 cadentes
449 857 560 917 detinet
575 854 675 917 stellas
690 854 778 935 polo?

157 940 295 1001 Phoebum
310 958 471 1026 moramur.
503 939 595 1001 redde
612 942 669 1001 iam
686 941 797 1003 mundo
814 941 902 1003 diem.

528 1206 675 1255 OHORVS.

134 1386 146 1419 r
340 1363 364 1425 Ο
380 1381 541 1442 regnorum
558 1365 674 1440 magnis
689 1362 777 1423 fallax

298 1448 414 1509 fortuna
432 1448 518 1509 bonis
533 1450 562 1508 in
578 1448 732 1527 praecipiti

297 1533 447 1613 dubioque
462 1531 543 1595 locas
558 1534 645 1593 nimis
660 1530 803 1593 excelsos.

297 1635 457 1697 numquam
474 1616 618 1696 placidam
634 1625 752 1694 sceptra
768 1618 898 1696 quietem

297 1708 451 1763 certumue
466 1703 510 1762 sui
526 1708 650 1763 tenuere
666 1701 762 1771 diem,
804 1716 809 1726 ’

297 1786 352 1847 alie
370 1804 404 1847 ex
422 1786 485 1848 eliis
501 1804 572 1847 eure
588 1788 692 1864 fatigat
777 1800 783 1811 ·

297 1879 442 1952 uexatque
458 1872 571 1933 animos
586 1888 663 1932 noua
680 1877 850 1950 tempestas.

339 2040 404 2101 Non
420 2041 463 2100 sic
478 2038 583 2120 libycis
598 2039 729 2119 syrtibus
744 2058 856 2118 aequor

298 2127 368 2186 lurit
383 2125 514 2187 alternos
530 2124 652 2187 uoluere
668 2124 790 2195 lluetus,

298 2228 355 2270 non
371 2211 478 2271 Euxini
494 2217 593 2289 turget
608 2210 645 2271 ab
661 2211 727 2270 imis

298 2303 433 2355 commota
449 2295 533 2355 uadis

297 2380 373 2440 unda
390 2379 481 2441 niuali
499 2380 598 2441 uicina
613 2378 698 2458 polo,

296 2464 346 2525 ubi
362 2464 506 2526 caeruleis
520 2465 650 2524 inmunis
665 2465 750 2543 aquis

298 2548 397 2610 lucida·
410 2555 511 2610 uersat
525 2548 656 2628 plaustra
672 2549 792 2610 Bootes.

341 2718 377 2777 Vt
392 2719 626 2797 praecipites
641 2735 747 2796 regum
763 2735 847 2778 casus

299 2802 416 2862 fortuna
432 2809 519 2863 rotat.

300 2888 390 2947 metui
406 2888 529 2964 cupiunt
544 2888 697 2964 metuique
710 2888 826 2947 timent.

300 2990 356 3032 non
374 2990 432 3032 nor
448 2969 504 3030 illis
519 2969 595 3031 alma
612 2989 749 3031 recessus

300 3055 423 3135 praebet
437 3062 531 3124 tutos,
548 3072 608 3116 non
624 3073 765 3133 curarum

298 3159 419 3202 somnus
435 3140 563 3200 domitor
578 3149 700 3219 pectora
715 3139 814 3201 soluit.

237 3303 347 3311 --ss--—-

224 3394 251 3441 51
269 3394 344 3444 timet
362 3395 388 3444 E
416 3390 428 3460 ll
457 3396 490 3445 52
509 3393 545 3443 ad
563 3392 670 3445 eOrtet.
691 3397 721 3442 at
738 3394 763 3442 A
782 3401 860 3456 unp
885 3390 897 3459 ll
926 3394 959 3444 56
978 3391 1065 3445 reddo

175 3455 233 3509 tiron.
248 3456 259 3527 ll
275 3463 305 3513 67
324 3461 347 3511 0
366 3478 413 3522 pm.
433 3459 484 3529 ψΙΙ
500 3464 533 3514 69
551 3462 584 3514 D.
600 3460 619 3512 l,
634 3460 760 3511 excelsos
776 3461 859 3512 nimis
877 3461 902 3510 Ε
919 3462 1000 3512 nimie
1020 3478 1066 3512 ex·

174 3525 243 3577 celsos
258 3530 398 3581 LMuelter.
422 3531 456 3582 D.
474 3530 555 3580 nimis
574 3529 685 3580 excelsa
703 3527 781 3580 locus
798 3530 823 3578 Α
854 3529 967 3580 excelse
984 3531 1067 3580 nimis

174 3590 211 3641 Bo.
229 3592 286 3662 {162
305 3614 337 3649 ex
350 3598 413 3649 eliis
426 3615 448 3650 ω
466 3613 499 3648 ox
518 3596 579 3646 elin
598 3597 792 3660 Repiomontam'
808 3598 874 3649 liber
896 3593 909 3663 {i
931 3601 1067 3649 libuerat

175 3664 218 3721 lom.
234 3665 291 3729 que)
310 3667 335 3716 E
362 3663 375 3732 li
405 3668 437 3717 66
457 3663 559 3727 euxini)
579 3679 613 3714 en
631 3667 657 3716 io
675 3679 728 3716 rae.
747 3664 784 3714 li³
811 3664 824 3732 ΙΙ

214 3763 324 3802 senecae
337 3765 419 3804 rnen.
822 3748 863 3810 21
