2750 4250
290 350 333 414 96
568 364 600 410 n.
619 361 753 409 cunam
769 359 926 410 seuuemo

291 518 370 565 buu.
633 501 739 580 expedi
755 500 923 580 amplexus,
940 506 1039 577 pater:
1130 499 1133 504 ’

291 606 413 651 uenere.
445 594 554 649 natos
575 586 680 665 ecquid
702 587 875 665 agnoscis
897 585 989 646 tuost

257 684 276 732 d
338 688 418 734 unu.
445 673 616 751 Agnosco
631 673 764 732 fratrem.
791 672 919 731 sustines
935 677 1047 731 tantum
1064 667 1141 730 nefas
1203 683 1255 752 'tun

292 767 409 838 gestare
424 757 530 818 tellus?
553 775 612 817 nou
628 756 664 816 ad
679 757 828 816 infernam
843 763 926 836 styga

294 847 495 923 tenebrasque
510 843 639 920 mergis?
663 847 751 920 rupta
767 848 795 902 et
809 841 921 918 ingenti
936 840 984 900 uia

294 929 332 990 ad
348 929 439 989 chaos
453 930 542 988 inane
556 943 650 1004 regua
668 944 735 986 cum
752 943 823 1004 rege
838 924 969 1003 abripis?

294 1031 354 1074 uon
370 1022 431 1074 tota
445 1012 482 1074 ab
498 1014 558 1072 imo
574 1017 650 1072 tecta
668 1009 841 1072 conuellens
856 1008 918 1070 solo

294 1101 388 1160 uectis
402 1098 557 1178 Mycenas?

254 1183 280 1241 d'
597 1181 683 1241 Stare
699 1182 777 1242 circa
793 1178 950 1240 Tantalum

296 1277 421 1346 uterque
437 1268 494 1327 iam
511 1265 683 1328 debuimus:
704 1265 775 1326 hinc
791 1263 983 1344 compagibus

296 1360 326 1414 et
340 1353 409 1413 binc
424 1350 567 1420 reuulsis,
584 1352 608 1410 si
625 1350 694 1428 quid
712 1350 787 1410 inira
803 1349 927 1412 Tartara
943 1356 987 1410 est

296 1455 428 1516 auosque
442 1443 570 1506 nostros,
587 1435 647 1496 buc
663 1443 742 1496 tuam
758 1436 869 1496 inmani
885 1436 952 1497 sinu

296 1524 416 1584 demitte
431 1519 540 1582 uallem
556 1539 670 1599 nosque
687 1520 821 1582 defossos
837 1529 903 1598 tege

296 1607 463 1670 Acheronte
478 1613 550 1666 toto.
900 1639 902 1644 .

254 1691 290 1749 d‘
586 1690 700 1751 Noxiae
715 1707 804 1767 supra
820 1695 908 1769 caput

301 1777 415 1838 animae
433 1783 579 1854 ungentur
595 1783 729 1835 nostrum
746 1779 775 1836 et
791 1775 907 1836 ardenti
922 1774 998 1835 freto
1103 1790 1106 1797 ·

302 1860 481 1940 phlegethon
498 1860 625 1922 barenas
639 1861 745 1938 igneus
761 1868 837 1920 totas
852 1876 943 1938 agens

300 1947 390 2006 exitia
406 1963 497 2024 supra
512 1953 612 2006 nostra
629 1943 776 2005 uiolentus
790 1945 872 2005 fluat.

299 2033 410 2090 inmota
425 2028 512 2090 tellus
527 2031 644 2108 pondus
658 2030 798 2106 ignauum
815 2031 898 2090 iacet.
955 2023 969 2058 “²

265 2132 282 2165 e
343 2114 459 2195 Fugere
474 2116 584 2194 superi.

302 2214 380 2261 aaa.
596 2204 653 2261 iam
669 2202 771 2279 accipe
786 2200 841 2261 hos
849 2202 953 2278 potius
968 2197 1064 2260 libens

301 2287 350 2347 diu
367 2287 520 2363 expetitos.
552 2284 631 2345 nulla
647 2303 701 2363 pec
718 2286 838 2348 fratrem
855 2292 900 2346 est
914 2302 1012 2346 mora:

304 2371 404 2432 lcuecc
420 2370 556 2431 osculare
571 2370 669 2431 diuide
685 2370 838 2449 amplexus
854 2370 958 2430 tribus.
998 2422 1000 2426 .

302 2469 383 2516 ΤΗΥ.
410 2456 468 2516 hoc
484 2455 607 2517 ioedusi
623 2456 698 2516 baec
713 2463 758 2516 est
774 2456 884 2534 gratia?
900 2455 975 2517 haec
989 2455 1089 2515 tranis
1104 2453 1193 2513 fides?

302 2543 345 2602 sic
361 2541 427 2601 odia
442 2541 547 2621 ponis?
569 2558 628 2600 uon
644 2547 727 2618 peto,
745 2539 901 2601 incolumis
916 2546 1000 2618 pater

373 2731 439 2779 1009
455 2732 487 2777 et
506 2726 568 2791 quid
586 2726 612 2775 Ε
642 2726 742 2792 ecquid
760 2728 785 2777 Α
814 2723 826 2791 ΙΙ
856 2728 921 2778 1012
940 2730 968 2777 te
986 2740 1092 2791 nosque
1110 2742 1132 2776 ω
1151 2740 1213 2776 corr.
1276 2668 1277 2715 Ι

303 2796 422 2850 B.Scbm.
446 2793 459 2863 ΙΙ
482 2797 651 2846 loto-1019
668 2801 744 2845 stare
764 2796 840 2845 circe
857 2796 994 2845 tantalum
1010 2794 1014 2858 Ι
1030 2808 1156 2857 auosque
1172 2808 1214 2843 no·

306 2869 379 2915 siros
397 2866 422 2914 si
440 2864 502 2927 quis
520 2865 596 2913 intra
613 2868 722 2913 tartare
746 2867 789 2913 est
815 2859 820 2928 Ι
846 2868 964 2930 uterque
985 2865 1042 2913 iem
1066 2862 1214 2913 debuimus.

303 2934 370 2983 hinc
388 2929 569 2997 compagibus
584 2926 589 2995 Ι
605 2936 634 2981 et
645 2932 711 2981 hinc
724 2932 841 2983 reuulsis
853 2932 908 2983 huc
920 2936 998 2983 tuem
1015 2931 1129 2981 immani
1142 2927 1213 2991 sinu}

304 3001 412 3051 dimitte
429 2998 534 3049 uellem
552 2999 577 3048 Α
613 3004 687 3050 stare
706 3015 731 3053 c.
749 3004 769 3049 t.
790 2998 795 3064 Ι
814 3004 929 3066 uberque
948 3001 972 3049 i:
985 2999 1011 3053 d.
1029 3000 1056 3052 h.
1075 3015 1101 3051 c.
1122 2996 1127 3067 Ι
1150 3003 1176 3050 el
1191 2996 1214 3047 h.

304 3085 326 3118 r.
346 3068 456 3131 siquid
479 3067 554 3117 infra
573 3064 714 3118 berterad
738 3067 749 3129 Ι
770 3082 892 3133 auosque
915 3072 1024 3119 nostros
1045 3066 1100 3118 hoc
1122 3072 1171 3117 tue
1190 3066 1216 3114 in

253 3178 257 3187 .
305 3136 381 3196 meni
400 3136 465 3184 sinu
489 3131 494 3200 Ι
522 3135 638 3186 demitte
656 3136 732 3185 ualle
757 3132 864 3200 (ualles
882 3144 901 3189 t.
922 3136 983 3197 Gr.)
1002 3136 1027 3185 E
1056 3132 1068 3203 ΙΙ
1098 3139 1164 3187 1022
1180 3141 1215 3185 to·

305 3208 349 3253 tas
367 3203 424 3252 EA
449 3207 556 3254 ‘tortas
578 3220 636 3254 mse.
659 3208 799 3254 concencu'
820 3203 864 3270 (i)
884 3204 936 3255 Ba.
965 3200 977 3270 ΙΙ
1012 3206 1079 3273 1024
1101 3201 1216 3255 iaccsA

305 3272 382 3321 iacet
399 3271 425 3320 Ε
447 3266 460 3337 ΙΙ
490 3274 556 3323 1025
574 3282 663 3337 emp
690 3272 788 3337 fugere
807 3273 908 3339 superi.
927 3273 971 3325 At.
991 3276 1021 3322 ot
1039 3272 1140 3337 accipe
1158 3269 1215 3332 (ue-

307 3340 369 3404 cipe
392 3339 416 3389 R
439 3355 487 3395 om.
511 3339 555 3392 At.
580 3339 630 3402 ot.)
665 3340 715 3391 hos
739 3341 831 3406 potius
858 3341 950 3391 libens
973 3341 1079 3405 Recipe
1104 3338 1216 3403 (Atreus.

307 3407 414 3472 Accipe
433 3407 467 3470 R)
491 3407 577 3458 hosce
597 3408 690 3459 citius.
719 3408 815 3461 liberis
838 3410 952 3458 tandem
970 3408 1063 3458 suisA
1084 3405 1147 3471 (nisi
1158 3405 1218 3474 quod

307 3492 358 3527 nou
370 3479 467 3540 cealtide
485 3477 566 3527 uerba
583 3476 681 3541 fugere
700 3477 801 3541 superi,
821 3478 866 3526 alii
877 3477 956 3527 uerba
973 3476 1032 3527 Alc.
1052 3476 1216 3527 att-libens

308 3544 435 3608 omittunt)
454 3542 553 3609 fugere
576 3544 669 3608 superi
686 3543 768 3595 ATR.
786 3544 890 3611 Accipe
913 3545 963 3596 hos
983 3546 1072 3613 potius
1091 3540 1217 3594 libensb'

307 3612 493 3745 iamEapcipe
516 3613 548 3661 ci.
562 3610 679 3661 Beuum.
700 3608 761 3676 [am
785 3611 937 3679 suscipot]
968 3611 980 3680 ΙΙ
1009 3614 1074 3664 1028
1097 3606 1217 3663 ΤΗΥ.Α

307 3696 353 3733 om.
909 3691 913 3697 '
