2750 4250
309 310 375 376 240
590 329 948 380 n.auuan1snnaean

276 474 294 524 b
355 465 487 528 violenta
503 485 590 530 nemo
605 470 730 547 imperia
746 471 892 532 continuit
906 472 972 543 diu,

310 551 463 614 moderata
479 553 588 615 durant
601 572 721 635 quoque
737 556 856 618 fortuna
872 556 962 618 altius

311 638 410 697 euenit
424 655 459 698 aa
474 635 586 700 leuauit
599 639 744 702 irumanas
760 660 849 720 opes,

310 719 368 780 hoo
383 739 415 782 se
431 724 525 800 magis
539 724 727 802 supprimere
742 724 859 788 felicem
876 727 962 790 dedet

311 807 470 884 uariosque
485 825 572 870 casus
586 817 717 872 tremere
733 820 914 872 metuentem
932 812 1005 874 deos

310 892 432 951 nimium
450 891 593 954 fauentes.
624 911 730 972 magna
747 893 899 958 momento
915 898 1003 960 obrui

309 976 456 1037 uincendo
472 976 571 1039 didici.

296 1057 303 1076 '
614 1062 703 1125 Troia
719 1083 774 1125 nos
789 1067 918 1127 tumidos
934 1067 1004 1128 iacit

311 1146 432 1206 nimium
448 1164 483 1205 ao
498 1147 633 1210 feroces?
656 1157 769 1212 stamus
785 1151 843 1213 hoo
858 1152 950 1212 danai
965 1151 1030 1213 loeo

309 1229 388 1289 unde
402 1229 450 1291 illa
468 1233 583 1292 cecidit.
616 1233 713 1294 tatem
729 1235 888 1314 aliquando
903 1238 1040 1315 inpotens

309 1330 403 1391 regno
418 1333 453 1374 ae
468 1315 615 1394 superbus
630 1317 717 1379 altius
732 1329 845 1382 memet
859 1320 926 1390 tuli,

309 1398 360 1458 sed
377 1399 464 1477 fregit
477 1399 544 1461 iiios
558 1403 679 1480 spiritus
694 1404 769 1469 haee
785 1425 860 1484 quae
875 1406 947 1466 dare

309 1485 452 1559 potuisset
466 1485 531 1546 aliis
547 1504 635 1547 eausa
652 1487 789 1550 fortunae
806 1489 901 1551 fauor.

275 1589 292 1623 a
354 1567 418 1648 [Tu
431 1587 477 1631 me
490 1573 652 1646 sepedum
666 1575 791 1636 hieme
805 1583 839 1637 tu
854 1579 991 1638 timidum
1002 1575 1108 1656 fucta]

228 1712 232 1717 ,
309 1669 365 1728 ego
381 1671 445 1712 esse
460 1655 618 1735 quiequam
634 1665 751 1737 sceptra
768 1661 823 1720 nisi
839 1679 917 1722 uano
934 1669 1033 1740 putem

208 1799 213 1806 ,
309 1735 424 1814 fulgore
440 1746 550 1800 tectum
568 1759 676 1803 nomen
693 1750 722 1803 et
738 1743 811 1804 saiso
827 1764 943 1806 comam

309 1820 407 1882 uineio
423 1822 600 1884 decentem?
624 1845 710 1888 casus
725 1828 800 1908 haee
814 1832 911 1908 rapiet
926 1831 1027 1894 breuis

308 1922 364 1964 nee
380 1905 459 1967 mille
474 1909 573 1970 forsan
590 1910 704 1972 ratibus
719 1921 770 1976 aut
785 1914 869 1974 annis
885 1915 999 1977 decem.

274 1985 298 2043 α’
350 1989 415 2051 Non
432 1992 570 2055 omnibus
584 1995 703 2057 fortuna
719 2006 779 2059 tam
795 1997 874 2060 lenta
889 2001 1022 2063 inminet.

307 2075 445 2152 equidem
461 2077 577 2140 fatebor
594 2080 677 2160 (pace
694 2083 802 2145 dixisse
818 2084 876 2146 hoo
892 2093 941 2147 tna

120 2175 121 2254 q
307 2161 407 2237 argina
425 2162 510 2223 tellus
526 2161 621 2245 liceat)
638 2167 738 2246 adfligi
754 2170 886 2249 Phrygas

306 2245 444 2323 uincique
459 2246 554 2319 uolui,
572 2268 661 2311 ruere
676 2260 706 2313 et
721 2257 843 2333 aequari
858 2255 921 2316 solo

309 2328 429 2391 Troiam
446 2334 617 2395 arcuissem.

162 2406 168 2420 '
272 2417 289 2467 h
652 2421 710 2481 Sed
727 2424 791 2501 regi
806 2424 898 2485 irenis
915 2428 1016 2505 nequit

308 2504 338 2555 et
352 2499 395 2557 ira
411 2506 440 2558 et
455 2500 562 2563 ardens
578 2503 671 2567 hostis
687 2515 716 2566 et
732 2509 855 2569 uictoria
1146 2572 1149 2579 ,
1254 2552 1255 2591 3

307 2583 454 2643 conmissa
470 2588 560 2645 nooti.
592 2590 731 2668 quioquid
747 2592 901 2671 indignum
918 2604 968 2655 aut
982 2596 1079 2658 ierum
1219 2614 1236 2647 ιν
1254 2604 1255 2675 j

308 2666 442 2743 cuiquam
459 2668 554 2729 uideri
569 2676 679 2748 potnit,
698 2676 754 2736 hoo
770 2677 839 2737 ieoit
855 2678 940 2739 dolor

307 2749 506 2828 tenebraeque
521 2771 575 2830 per
590 2775 664 2835 quas
680 2761 745 2836 ipse
762 2780 794 2821 se
811 2763 910 2824 inritat
926 2765 1010 2825 furor

307 2830 480 2910 gladiusque
497 2835 564 2897 ieiir
581 2843 665 2903 ouius
680 2845 781 2906 iniecti
798 2848 890 2917 semel

305 2933 429 2980 uaecors
444 2917 535 2979 iibido
551 2930 605 2985 est.

270 2994 298 3053 b'
343 3083 345 3086 Ι
636 3011 782 3094 Quicquid
800 3034 924 3079 euersae
939 3026 1036 3097 potest

305 3096 462 3155 superesse
478 3085 585 3151 Troiae
600 3106 733 3158 maneat:
752 3108 886 3161 exactum
903 3106 973 3163 satis

304 3178 468 3237 poenarum
485 3177 514 3227 et
528 3171 603 3235 ultra
621 3187 675 3241 est.
706 3186 788 3263 regia
804 3195 837 3247 ut
851 3188 937 3265 uirgo
954 3190 1070 3251 occidat

305 3278 509 3294 ἦ

302 3389 356 3441 ahl
373 3387 491 3454 ’411279
510 3408 582 3455 ⁶²⁶⁶&
598 3360 750 3473 dtimidum
770 3440 791 3473 ω
809 3424 943 3474 tumidum
961 3429 1047 3477 neseio
1067 3432 1121 3493 quae
1138 3422 1149 3493 Ι]
1166 3423 1204 3473 ‘282

301 3459 1204 3569 wwwfflwmmmmmmmmm

298 3517 349 3585 ψῃ
436 3525 527 3578 ΕΜ
545 3539 709 3616 ⁰'.T¹⁰istm
728 3556 854 3609 Swododa
866 3557 878 3625 ΙΙ
894 3562 1049 3625 arguissem
1066 3582 1088 3615 ω
1108 3560 1204 3615 arania·

297 3601 361 3638 sem
374 3586 561 3659 emesenam
573 3619 634 3667 ipse
647 3628 677 3666 se
692 3622 717 3670 A
729 3622 788 3687 (αἳ)
807 3641 836 3677 se
850 3643 897 3680 om.
910 3628 936 3677 E
953 3630 1014 3694 ipse
1026 3641 1108 3696 amq
1130 3628 1142 3698 ii
