2750 4250
519 348 718 397 acaunuuo
1012 326 1076 393 325

212 505 300 553 cunr.
324 490 470 567 Equidem
486 495 516 550 et
530 486 643 567 iugales
659 485 736 547 filiae
751 486 874 547 memini
889 484 969 545 laces

172 588 200 639 et
214 594 345 655 generum
361 574 515 635 Achillem.
546 572 692 651 praestitit
709 572 797 631 matri
811 570 911 631 fidem.
1096 576 1147 629 166

210 674 304 721 uvrn.
326 660 463 721 Redemit
478 657 526 719 illa
542 657 644 719 classis
660 657 789 717 inmotae
804 672 905 717 moras

171 755 199 807 et
212 748 294 807 maria
310 746 396 824 pigro
412 745 467 805 lira
484 744 628 822 languore
644 740 760 820 inpulit.

211 928 301 975 cunr.
324 914 410 992 Piget
426 910 572 991 doletque.
603 911 749 991 Tyndaris
764 908 837 971 caeli
853 925 948 988 gernirs

170 998 281 1059 lustrale
296 997 382 1059 classi
397 998 517 1058 doricae
532 998 636 1075 peperi
651 1004 750 1073 caput.

170 1084 288 1144 reuoluit
302 1085 417 1144 animus
432 1082 558 1159 uirginis
575 1080 720 1142 thalamos
735 1097 819 1141 meae

171 1187 237 1247 quos
251 1167 296 1229 ille
312 1168 418 1246 dignos
433 1165 548 1246 pelopia
565 1166 635 1227 lecit
650 1166 756 1234 domo,

171 1272 232 1313 cum
246 1254 324 1314 stetit
339 1253 376 1313 ad
392 1270 459 1313 aras
476 1269 529 1313 ore
544 1251 678 1311 sacrifico
694 1257 789 1328 pater.

207 1336 295 1407 Quam
311 1337 467 1418 nuptiales.
498 1334 615 1397 horruit
630 1334 753 1397 Calchas
769 1351 840 1395 suae

170 1440 301 1501 responsa
316 1424 399 1484 uocis
416 1430 445 1483 et
459 1422 635 1483 recedentes
650 1421 742 1480 locos.

169 1506 305 1569 oscelera
322 1524 441 1585 semper
457 1505 620 1567 sceleribus
636 1506 760 1566 uincens
775 1504 890 1566 domus.

170 1609 268 1653 cruore
282 1599 388 1653 uentos
403 1592 545 1661 emimus,
562 1588 673 1652 bellum
690 1608 773 1651 nece.
933 1654 940 1667 .

169 1690 264 1736 uvrn.
280 1676 330 1739 sed
347 1675 413 1737 uela
429 1678 542 1756 pariter
558 1674 638 1737 millo
653 1675 790 1736 lecerunt
804 1679 894 1734 rates.

207 1772 302 1823 chrm
325 1760 390 1822 Non
407 1769 452 1823 est
467 1759 562 1823 soluta
578 1778 724 1840 prospero
740 1758 841 1821 classis
856 1758 928 1819 deo:

172 1846 249 1907 eiecit
263 1845 343 1907 dolis
358 1847 453 1925 inpias
467 1854 556 1923 portu
572 1854 661 1906 rates.

170 1932 206 1990 sic
219 1932 384 2010 auspicatus
399 1930 476 1992 hella
493 1949 553 1991 nun
570 1928 676 1992 melius
692 1930 778 2008 gerit.

171 2011 281 2095 [amore
294 2024 405 2093 captae
419 2023 528 2092 captus
542 2021 672 2077 inmotus
681 2013 792 2096 prece]

170 2100 306 2163 zminthea
323 2102 416 2163 tenuit
429 2099 666 2181 spoliarphoehei
681 2102 761 2162 senis

129 2215 131 2238 r
173 2186 270 2248 ardore
284 2204 388 2248 sacrae
402 2187 529 2264 uirginis
544 2189 602 2246 iam
618 2193 682 2247 tum
699 2184 811 2248 lunens.

205 2271 265 2331 Non
282 2271 366 2332 illum
382 2271 511 2332 Achilles
526 2271 608 2332 llexit
624 2271 785 2332 indomitos
801 2270 903 2339 minis,

173 2371 222 2413 noo
236 2355 284 2417 ille
300 2357 381 2418 solos
397 2357 455 2418 lata
471 2358 521 2435 qui
538 2357 641 2418 mundi
657 2357 740 2417 uidet

173 2438 196 2496 iu
210 2457 260 2502 nos
274 2440 368 2502 fidelis
383 2459 478 2520 augur
494 2442 524 2500 in
540 2449 641 2520 captas
656 2440 747 2510 leuis,

173 2539 223 2582 non
236 2525 362 2605 populus
377 2544 467 2604 aeger
483 2534 512 2586 et
527 2525 697 2588 relucentes
712 2527 788 2604 rogi.

174 2607 239 2667 inter
254 2611 368 2672 ruentis
384 2612 526 2673 Graeciae
542 2617 671 2690 stragem
687 2608 821 2670 ultimam

174 2691 227 2752 siue
240 2693 322 2756 hoste
338 2696 436 2755 uictus
451 2704 565 2756 marcet
580 2714 615 2756 ac
630 2696 738 2756 Veneri
755 2701 841 2756 uacat

175 2787 335 2860 reparatque
352 2797 470 2840 amores

494 2863 575 2925 Neue
592 2864 727 2926 desertus
744 2863 821 2924 loret

178 3011 359 3026 ’νῇ-Ἦ

232 3185 276 3235 169
297 3187 335 3236 Et
359 3183 469 3248 quidem
492 3183 541 3234 ER
568 3181 581 3250 ss
612 3187 658 3235 161
685 3185 868 3249 Clytemestrae
886 3187 949 3236 dant
966 3189 1080 3238 nonnulli

177 3245 229 3299 Pau.
256 3247 267 3318 ΙΙ
295 3256 344 3304 169
362 3253 446 3318 lango
464 3252 490 3302 Ε
507 3251 623 3318 langore
643 3253 667 3302 A
698 3249 710 3319 ΙΙ
739 3254 788 3303 163
805 3253 888 3318 Piget
905 3253 1034 3319 doletque
1053 3254 1079 3304 Ε

178 3311 250 3368 Pudet
265 3321 396 3389 pigetque
415 3320 440 3370 A
453 3316 465 3387 ΙΙ
478 3322 528 3370 164
545 3322 641 3386 peperi
659 3321 714 3385 Ep
730 3323 839 3386 peperit
856 3323 880 3371 A
892 3318 906 3388 ss
922 3323 971 3373 167
989 3324 1078 3373 sacri·

178 3379 218 3434 fico
234 3386 281 3438 ΕΑ
299 3390 438 3456 sacrilego
456 3385 504 3454 6111
518 3390 566 3439 168
584 3389 674 3452 Quom
690 3388 717 3437 E
735 3389 823 3452 Quasi
841 3389 952 3456 1111179
969 3391 1078 3443 NVTR.

180 3449 283 3505 doun
294 3468 317 3522 ψ
340 3455 352 3525 ΙΙ
375 3457 452 3509 bellu
470 3457 495 3505 Ε
518 3456 583 3506 uelo
600 3457 626 3506 A
650 3454 661 3523 ΙΙ
692 3458 740 3508 173
759 3456 862 3508 cLYr.
882 3458 907 3508 A
920 3474 968 3508 om,
981 3459 1007 3507 E
1018 3467 1043 3522 ψ
1063 3461 1078 3523 Η

181 3516 219 3566 114
234 3523 283 3574 alio
301 3527 325 3576 Ε
347 3526 428 3576 Aulis
446 3524 471 3574 A
494 3521 507 3587 ll
532 3528 580 3576 176
595 3532 657 3590 poet
674 3543 699 3576 u.
720 3527 768 3576 177
786 3525 850 3576 ltro
867 3529 951 3576 deteui
964 3534 1079 3591 propter

180 3590 270 3641 culte
288 3596 336 3645 190
356 3597 403 3645 192
422 3590 435 3660 Η
457 3595 505 3646 177
524 3594 600 3644 senis
618 3593 643 3643 E
655 3594 679 3644 R
691 3609 738 3658 mp.
751 3609 781 3645 m.
792 3610 837 3658 pr.
857 3594 935 3644 ducis
954 3594 979 3643 Α
995 3590 1008 3659 ΙΙ
1030 3595 1079 3645 178

182 3648 290 3710 11161111
307 3670 330 3726 ψ
353 3659 365 3728 ll
388 3664 538 3727 tentamur
561 3657 574 3728 ΙΙ
596 3662 691 3712 ferens
710 3669 733 3726 ψ
753 3657 766 3728 ll
790 3664 838 3714 179
856 3662 1006 3713 indomitis
1025 3677 1045 3711 α
1064 3663 1079 3726 ll
