2750 4250
283 318 327 383 92
564 336 596 384 u.
613 335 747 383 aunum
762 335 921 386 suuncuu

282 496 402 558 possem
418 487 447 538 et
461 484 580 538 coactus
594 476 722 543 trahere.
739 486 772 537 ut
785 475 924 538 ultricem
939 475 1046 555 dapem

284 581 387 624 omnes
403 563 547 623 uiderent
579 562 659 641 quod
673 567 718 622 sat
734 571 791 629 εει,
808 561 907 622 uideat
921 570 1016 641 pater.
1091 619 1094 626 ⁴

284 649 373 709 etiam
389 647 437 709 die
453 646 572 708 nolente
586 647 741 708 discutiam
759 646 812 708 tibi
907 683 911 690 -

283 732 438 803 tenebras,
456 734 592 793 miseriae
607 733 663 793 sub
678 731 787 812 quibus
801 732 916 792 latitant
931 739 1008 792 tuae.

243 841 271 899 b'
325 818 418 900 Nimis
433 818 484 879 diu
500 819 625 879 conuiua
639 834 747 879 securo
762 819 841 878 iaces

281 901 427 981 hilarique
442 902 542 972 uultu,
557 904 616 963 iam
630 904 705 964 satis
717 903 828 963 mensis
842 901 945 961 datum
960 908 1004 961 est

282 989 413 1066 satisque
428 987 558 1057 bacche,
579 987 681 1049 sobrie
697 994 775 1048 tauta
792 987 832 1048 ad·
843 985 919 1046 maia

281 1091 356 1150 opus
371 1079 416 1132 est
431 1072 568 1153 Thyeste.
594 1072 682 1134 turba
699 1071 851 1133 famularis
865 1072 945 1131 iures

280 1157 383 1236 templi
399 1157 509 1227 relaxa,
525 1157 598 1218 festa
614 1157 734 1235 patefiat
748 1158 864 1219 domus.

132 1321 134 1325 .
151 1256 156 1261 '
230 1265 264 1324 br
322 1241 408 1304 Libet
424 1241 535 1311 uidere,
552 1245 647 1320 capita
664 1251 803 1303 natorum
819 1243 937 1300 intuens

280 1345 355 1405 quos
370 1327 422 1388 det
435 1326 560 1396 colores,
576 1327 669 1388 uerba
686 1344 762 1404 quae
777 1315 892 1403 primus
907 1322 993 1385 dolor

280 1411 420 1481 effundat,
438 1420 489 1474 aut
503 1419 536 1473 ut
550 1414 657 1490 spiritu
672 1410 795 1489 expulso
812 1419 935 1489 stupens

279 1515 389 1576 corpus
403 1499 539 1576 rigescat.
567 1499 683 1559 fructus
698 1497 746 1558 hic
762 1497 860 1576 operis
875 1495 934 1556 mei
950 1502 1003 1554 est.

279 1582 423 1643 miserum
439 1583 543 1643 uidere
558 1582 644 1653 noio,
660 1582 712 1643 sed
729 1584 798 1674 dpm
815 1582 847 1642 fit
861 1581 963 1642 miser.
975 1613 1017 1624 ·-

243 1715 260 1748 e
317 1670 425 1744 Aperta
440 1666 532 1730 multa
549 1676 626 1728 tecta
641 1667 800 1728 conlucent
815 1665 888 1727 iace.

276 1753 434 1828 resupinus
448 1755 677 1831 ipse'purpurae
693 1761 780 1830 atque
796 1769 868 1812 auro
884 1748 1005 1811 incubat

276 1836 347 1896 uine
362 1845 518 1911 grauatum
534 1837 659 1897 fulciens
674 1837 758 1898 laeua
774 1845 871 1914 caput.

277 1928 400 1981 eructat.
431 1940 512 1983 ome
528 1922 665 1983 caelitum
681 1921 914 1982 excelsissimum

274 2021 380 2082 regum
395 2014 483 2086 atque
496 2023 610 2084 regem.
636 2014 706 2068 uota
721 2006 891 2067 transcendi
906 2023 982 2065 mea.

275 2096 357 2149 satur
373 2092 431 2160 est,
447 2093 549 2172 capaci
564 2092 645 2154 ducit
659 2100 783 2169 argento
799 2109 925 2152 merum.

179 2225 181 2229 .
240 2184 266 2242 e'
289 2177 292 2181 ’
320 2174 364 2235 Ne
379 2194 469 2252 parce
484 2186 571 2254 putu:
587 2185 680 2237 restat
695 2178 864 2237 etiamnunc
880 2194 970 2237 cruor

277 2267 320 2319 tot
335 2258 507 2322 hostiarum.
540 2263 650 2323 ueteris
665 2261 746 2323 hunc
761 2260 866 2322 bacchi
881 2260 963 2321 celer

276 2342 447 2406 abscondet.
474 2346 532 2406 hcc
547 2346 620 2407 haec
636 2365 738 2408 mensa
755 2344 890 2406 cludatur
906 2344 1026 2425 scypho.

275 2430 398 2489 mixtum
415 2448 538 2490 suorum
552 2432 727 2509 sanguinem
746 2432 864 2507 genitur
879 2430 970 2499 bibat,

185 2574 187 2576 ,
274 2530 375 2573 meum
391 2513 524 2575 bibisset.
552 2533 635 2590 ecce,
652 2516 711 2574 iam
728 2522 831 2575 cantus
847 2517 904 2576 ciet

275 2598 425 2677 festasque
440 2616 531 2659 uoces
546 2617 601 2659 nec
616 2601 686 2659 satis
701 2601 794 2661 menti
808 2600 943 2679 imperat.

540 2781 687 2829 GHORVS·
718 2782 907 2829 THYESTES.

238 2918 257 2950 a
404 2902 492 2962 Cher.
520 2903 643 2965 Pectora
659 2904 755 2982 longis
771 2878 907 2967 hebetata
922 2905 1007 2967 malis

359 2984 416 3041 iam
433 2984 573 3048 sollicitas
587 2992 688 3068 ponite
704 3008 813 3051 curas:

272 3118 475 3126 ——--——

183 3251 194 3284 ι
339 3199 388 3276 Stet
409 3206 438 3248 et
454 3202 582 3256 ultricem
600 3210 625 3259 E
642 3217 674 3261 ut
691 3212 755 3262 ultr.
774 3213 800 3262 A
824 3207 835 3277 ii
863 3213 912 3261 901
933 3215 1053 3262 conuiue
1071 3230 1145 3267 corr.
1161 3234 1200 3269 ex

271 3264 448 3343 0911111119Ᾰῖι
486 3264 497 3334 ΙΙ
536 3275 586 3325 903
609 3280 645 3329 ad
667 3296 736 3330 corr.
760 3298 795 3333 ex
818 3296 851 3329 ae
870 3278 906 3329 Ει
940 3277 952 3347 ss
986 3283 1036 3333 910
1059 3283 1199 3336 miserum

271 3345 359 3378 mrum
377 3331 474 3381 uidere
491 3337 517 3385 Ε
544 3343 633 3395 uirum
651 3349 742 3400 om.A
805 3350 854 3399 912
872 3362 994 3413 purpura
1012 3350 1038 3399 A
1068 3365 1197 3417 purpure

270 3396 296 3445 E
329 3393 341 3461 Η
375 3398 426 3447 914
448 3408 697 3476 οωιιεΕψοιῃε
717 3433 735 3466 α
808 3418 858 3468 915
880 3430 1031 3481 regumque
1049 3424 1196 3483 regemA

268 3478 364 3526 regum
383 3469 468 3527 utque
484 3484 575 3535 regem
591 3481 618 3530 Ε
640 3481 652 3552 ΙΙ
674 3488 724 3536 919
742 3485 795 3536 hoc
814 3484 947 3535 menseA
974 3484 1029 3534 hoc
1046 3486 1100 3536 hoc
1117 3502 1155 3537 m.
1169 3499 1196 3554 ψ

268 3529 321 3578 h00
334 3530 403 3579 haee
415 3547 450 3581 m.
470 3547 483 3583 Ε
503 3532 517 3603 Η
539 3544 589 3595 922
607 3551 736 3618 festaque
748 3554 774 3602 Ε
792 3554 932 3615 festasque
944 3552 970 3601 A
994 3549 1007 3619 ΙΙ
1031 3551 1195 3611 CHORVS.

269 3596 467 3649 THYESTES.
480 3603 506 3651 Ε
524 3605 630 3669 Chorus
643 3624 667 3671 A
696 3618 708 3688 ΙΙ
732 3623 782 3673 923
801 3620 909 3671 ΟΗΟΒ.
933 3636 982 3677 om.
1000 3641 1022 3675 ω
1040 3624 1147 3676 restitut
1169 3623 1182 3692 H
