2750 4250
280 351 357 402 1111
651 349 852 400 PRAEFATIO

280 512 367 569 tanais
382 510 625 584 (0000101113),
642 511 688 567 ubi
703 511 804 567 dudum
819 514 980 568 restitutum
994 522 1040 570 est
1055 515 1236 579 ε1101100010,

279 614 305 653 0.
321 595 362 654 43
379 599 461 654 tantis
477 595 505 669 (i.
521 614 545 653 e.
561 603 590 652 et
603 594 677 667 ante)
707 595 747 654 88
768 599 877 670 spernit
895 597 1034 671 superbos
1054 598 1235 674 humilesque

282 679 413 755 (superos
435 681 630 755 hominesque)
661 680 721 738 139
743 681 823 738 undis
844 680 971 754 (umbris)
1002 682 1065 740 254
1086 701 1155 740 0000
1177 687 1237 741 nisi

281 765 335 822 duo
351 769 399 822 uel
414 766 521 823 insiduo
537 765 617 838 (Nero
634 765 747 822 insitiuo
754 765 777 836 1)
794 765 856 824 291
873 767 1015 841 prodimus
1031 783 1083 824 cuo
1100 771 1150 826 uel
1163 786 1235 827 seuo

281 848 340 924 (pr.
364 850 449 924 eheu)
479 851 541 909 423
564 851 659 908 lacuna
689 851 749 909 501
772 852 864 926 specie
885 869 962 909 sacra
982 851 1073 924 (sacro
1094 855 1235 929 auspicio)

284 933 346 991 144
360 936 494 1011 pristinus
509 935 667 1009 (crispinus)
698 936 779 994 1001
797 936 905 992 tandem
920 936 1016 1012 phario
1031 936 1236 1012 (Pandatariae)

284 1020 364 1078 1009
387 1038 541 1078 maurorum
564 1019 747 1094 (Taurorum)
767 1030 821 1078 etc.
855 1020 895 1076 hd
916 1022 1054 1097 exemplar
1075 1040 1142 1081 uero
1166 1024 1237 1081 illud

281 1107 401 1162 anticum
422 1123 436 1163 e
457 1105 560 1162 nostris
581 1104 660 1162 libris
682 1108 803 1180 proxime
824 1106 934 1163 uidetur
954 1108 1084 1165 accedere
1106 1109 1237 1167 11011111-

282 1206 432 1264 geranus
454 1208 480 1246 n.
498 1191 536 1248 13
553 1189 644 1264 (1213)
666 1190 791 1266 pessimis
813 1191 859 1249 ille
874 1192 983 1266 quidem
1005 1192 1133 1250 loedatus
1156 1195 1235 1251 uitiis
1294 1250 1296 1283 p

283 1273 364 1330 atah
385 1276 494 1332 homine
516 1277 637 1351 scriptus
659 1286 687 1334 et
708 1277 905 1352 inperitissimo
928 1285 957 1333 et
976 1279 1235 1354 neglegentissime,

282 1359 345 1422 sed.
372 1361 400 1416 id
414 1361 489 1435 quod
505 1363 611 1419 maximi
633 1371 676 1419 est
696 1364 723 1419 lu
747 1363 799 1420 lroc
819 1378 921 1435 genere
936 1363 1083 1426 momenti.
1107 1365 1234 1421 mutandi
1294 1354 1295 1411 ἲ

282 1443 393 1502 libidine
414 1454 442 1503 01
458 1447 587 1505 uitiorum
603 1447 815 1505 occulendorum
831 1447 947 1504 consilio
963 1464 1080 1521 prorsus
1102 1449 1236 1506 intactus.
1295 1469 1297 1493 1

281 1529 310 1585 111
332 1537 439 1603 praeter
466 1532 518 1591 alia
538 1541 632 1607 aperte
653 1532 773 1588 ostendit
799 1531 877 1588 locus
905 1530 1098 1589 uenatissimus
1120 1535 1169 1607 qui
1191 1542 1237 1589 est

282 1613 344 1671 422
361 1635 422 1692 sqq.
439 1617 484 1674 uhi
501 1634 595 1674 omnes
609 1617 694 1674 ceteri
710 1617 772 1674 libri
789 1617 830 1673 sio
845 1616 959 1673 hahent:

436 1747 583 1798 extrahere
595 1749 687 1812 pisces
699 1753 758 1799 reta
770 1749 817 1799 uel
831 1748 938 1799 calamo
950 1748 1008 1798 leui

435 1816 562 1880 decipere
575 1815 703 1867 uolucres
716 1823 793 1867 crate
806 1816 853 1866 uel
868 1814 975 1866 calamo
989 1815 1106 1868 autleni

435 1888 530 1934 tenero
543 1882 644 1948 laqueo
656 1900 780 1950 premere
793 1885 934 1934 subiectos
948 1885 1012 1950 iugo

436 1956 531 2002 tauros
544 1951 652 2003 feroces
666 1969 690 2006 e.
705 1967 730 2019 q.
743 1968 764 2003 s.

286 2091 368 2151 quem
388 2075 479 2134 locum
500 2077 537 2133 ita
558 2077 667 2135 restitui
683 2093 766 2153 posse
781 2075 915 2151 putabant
935 2075 1067 2138 editores.
1095 2060 1127 2131 ui
1146 2075 1236 2132 uerba

283 2160 340 2217 ‘uel
352 2162 456 2219 calamo
468 2169 516 2219 aut
527 2162 580 2219 leui
589 2172 685 2220 tenere
698 2162 819 2237 laqueo’,
831 2172 861 2219 ut
872 2178 943 2235 quae
956 2170 983 2217 et
995 2160 1064 2216 male
1075 2162 1195 2236 repetita
1205 2169 1236 2215 et

283 2244 388 2303 insulso
400 2247 582 2305 additamento
595 2257 673 2305 aucta
685 2256 788 2310 essent.
805 2247 915 2303 exulare
926 2242 1061 2301 iuberent.
1084 2244 1138 2301 Sed
1150 2244 1235 2301 aliam

284 2330 355 2387 uiam
371 2332 574 2408 ingrediendam
590 2350 652 2390 esse
667 2333 748 2390 docet
763 2332 834 2388 1113
850 2347 946 2387 uersus
961 2328 1001 2386 sic
1016 2327 1161 2386 exhibens:

438 2464 583 2517 extrahere
594 2466 687 2530 pisces
700 2468 760 2515 rete
772 2462 819 2516 uel
832 2461 940 2514 calamo
951 2459 1009 2511 leui

435 2533 565 2599 decipere
577 2533 706 2585 uolucres
718 2536 795 2584 ereio

437 2608 532 2653 tenere
545 2601 654 2668 laqueo.
677 2614 803 2667 premere
816 2615 839 2650 e.
854 2612 880 2664 q.
893 2613 915 2651 s.

284 2722 350 2781 Cum
373 2740 439 2781 uero
461 2743 506 2783 res
527 2724 635 2802 tlagitet
655 2733 687 2780 01
708 2720 830 2797 piscihus
852 2729 879 2777 et
901 2718 999 2775 auibus
1020 2718 1232 2775 conmemoratis

284 2804 427 2866 beluarum
448 2827 558 2886 quoque
579 2811 682 2867 mentio
709 2807 755 2863 liat
780 2836 815 2847 -
838 2805 871 2861 ad
892 2820 961 2879 quas
983 2802 1109 2860 ‘crates’
1135 2812 1233 2878 aperte

285 2901 410 2967 spectant
434 2924 470 2937 -
487 2895 559 2953 libro
576 2896 615 2951 illi
631 2893 679 2969 qui
694 2890 897 2949 hemistichium
912 2888 1085 2945 intercidisse
1101 2888 1232 2951 ostendit,

286 2980 351 3050 quin
368 2980 434 3037 fides
449 2980 486 3036 sit
500 2980 621 3037 habenda
638 2995 694 3034 non
709 2976 874 3034 dubitamus.
912 2974 1027 3031 Versum
1042 2972 1233 3047 suppleuimus

285 3076 319 3117 ex
332 3062 396 3119 lior.
413 3081 456 3139 ep.
468 3064 538 3123 1145
555 3064 592 3137 (u.
606 3064 665 3122 adn.
677 3064 710 3122 ad
720 3081 746 3121 u.
753 3060 836 3135 423).
859 3061 986 3119 Videmus
1000 3059 1088 3133 igitur
1101 3059 1154 3114 hoc
1168 3057 1232 3115 loco

180 3186 183 3194 .
285 3146 384 3205 uitium
399 3164 459 3206 cum
475 3152 503 3206 in
519 3150 644 3207 omnihus
661 3152 761 3208 ceteris
776 3147 855 3204 libris
871 3144 1043 3205 hemisticlrio
1060 3142 1233 3199 antecedenti

285 3231 356 3289 male
366 3234 485 3309 repetito
495 3234 693 3293 dissimulatum
704 3237 749 3299 sit.
758 3236 786 3291 in
796 3233 857 3291 solo
865 3229 1054 3288 R13lideliter
1064 3244 1235 3302 expressum.

286 3312 379 3391 licque
395 3321 482 3394 magis
497 3319 585 3395 lugiet
600 3324 706 3394 peritos
722 3340 748 3377 u.
764 3319 805 3376 42
821 3318 896 3393 quod
911 3318 939 3373 in
956 3314 1028 3370 Rl3
1042 3312 1146 3385 legitur
1165 3311 1235 3370 ‘ora

286 3400 371 3458 trais’
397 3403 423 3460 id
439 3404 554 3478 propius
571 3405 698 3462 accedere
713 3405 745 3461 ad
761 3405 907 3479 genuinam
922 3399 1085 3473 scripturam
1101 3396 1234 3460 ‘britais’‚

286 3498 369 3556 quarn
384 3488 458 3565 quod
472 3489 557 3545 ceteri
572 3489 706 3564 praebent
726 3490 792 3548 ‘ora
809 3486 921 3549 tanais’,
942 3483 1107 3543 correctoris
1122 3497 1234 3537 manum

285 3568 422 3631 redolens.
460 3572 606 3633 Praeterea
627 3571 974 3645 0.17801110001ος1100
996 3566 1117 3623 inlibris
1138 3566 1234 3639 uolga-

286 3651 377 3715 rihus:
399 3658 578 3719 ε00110011οο
595 3662 702 3721 Similes
717 3662 824 3722 uolanti
840 3658 953 3716 lerneus
970 3653 1077 3709 ilamma
1096 3650 1234 3713 abstulit'‚
