<?xml version="1.0" encoding="UTF-8"?>
<!DOCTYPE html PUBLIC "-//W3C//DTD XHTML 1.0 Transitional//EN"
    "http://www.w3.org/TR/xhtml1/DTD/xhtml1-transitional.dtd">
<html xmlns="http://www.w3.org/1999/xhtml" xml:lang="en" lang="en">
 <head>
  <title>
</title>
<meta http-equiv="Content-Type" content="text/html;charset=utf-8" />
  <meta name='ocr-system' content='tesseract 3.04.00' />
  <meta name='ocr-capabilities' content='ocr_page ocr_carea ocr_par ocr_line ocrx_word'/>
</head>
<body>
  <div class='ocr_page' id='page_1' title='image "./tragoediaeacced00richgoog_0132.png"; bbox 0 0 2750 4250; ppageno 0'>
   <div class='ocr_carea' id='block_1_1' title="bbox 524 330 1071 396">
    <p class='ocr_par' dir='ltr' id='par_1_1' title="bbox 524 330 1071 396">
     <span class='ocr_line' id='line_1_1' title="bbox 524 330 1071 396; baseline 0 -2"><span class='ocrx_word' id='word_1_1' title='bbox 524 346 704 396; x_wconf 77' lang='lat' dir='ltr'>naucerus</span> <span class='ocrx_word' id='word_1_2' title='bbox 1030 330 1071 395; x_wconf 75' lang='lat'>79</span> 
     </span>
    </p>
   </div>
   <div class='ocr_carea' id='block_1_2' title="bbox 141 487 1139 1421">
    <p class='ocr_par' dir='ltr' id='par_1_2' title="bbox 143 487 1139 646">
     <span class='ocr_line' id='line_1_2' title="bbox 169 487 1139 566; baseline -0.003 -15"><span class='ocrx_word' id='word_1_3' title='bbox 169 505 240 552; x_wconf 80' lang='lat' dir='ltr'>unu.</span> <span class='ocrx_word' id='word_1_4' title='bbox 261 507 359 550; x_wconf 90' lang='lat' dir='ltr'>meum</span> <span class='ocrx_word' id='word_1_5' title='bbox 375 507 440 550; x_wconf 89' lang='lat' dir='ltr'>esse</span> <span class='ocrx_word' id='word_1_6' title='bbox 456 487 564 556; x_wconf 86' lang='lat' dir='ltr'>credo,</span> <span class='ocrx_word' id='word_1_7' title='bbox 580 487 720 566; x_wconf 81' lang='lat' dir='ltr'>quicquid</span> <span class='ocrx_word' id='word_1_8' title='bbox 736 493 795 556; x_wconf 80' lang='lat' dir='ltr'>est,</span> <span class='ocrx_word' id='word_1_9' title='bbox 811 487 917 558; x_wconf 83' lang='lat' dir='ltr'>irater,</span> <span class='ocrx_word' id='word_1_10' title='bbox 933 493 1027 548; x_wconf 90' lang='lat' dir='ltr'>tuum.</span> <span class='ocrx_word' id='word_1_11' title='bbox 1088 504 1139 555; x_wconf 78' lang='lat'>535</span> 
     </span>
     <span class='ocr_line' id='line_1_3' title="bbox 143 571 963 646; baseline -0.004 -12"><span class='ocrx_word' id='word_1_12' title='bbox 143 595 156 643; x_wconf 73' lang='lat' dir='ltr'>a</span> <span class='ocrx_word' id='word_1_13' title='bbox 209 589 280 636; x_wconf 77' lang='lat' dir='ltr'>aru.</span> <span class='ocrx_word' id='word_1_14' title='bbox 304 574 374 646; x_wconf 85' lang='lat' dir='ltr'>Quis</span> <span class='ocrx_word' id='word_1_15' title='bbox 390 571 583 634; x_wconf 82' lang='lat' dir='ltr'>influentis</span> <span class='ocrx_word' id='word_1_16' title='bbox 598 572 675 632; x_wconf 86' lang='lat' dir='ltr'>dona</span> <span class='ocrx_word' id='word_1_17' title='bbox 691 572 828 633; x_wconf 77' lang='lat' dir='ltr'>fortunae</span> <span class='ocrx_word' id='word_1_18' title='bbox 844 572 963 634; x_wconf 76' lang='lat' dir='ltr'>abnuit?</span> 
     </span>
    </p>

    <p class='ocr_par' dir='ltr' id='par_1_3' title="bbox 169 655 1047 737">
     <span class='ocr_line' id='line_1_4' title="bbox 169 655 1047 737; baseline -0.006 -16"><span class='ocrx_word' id='word_1_19' title='bbox 169 676 239 722; x_wconf 79' lang='lat' dir='ltr'>unu.</span> <span class='ocrx_word' id='word_1_20' title='bbox 261 666 400 737; x_wconf 82' lang='lat' dir='ltr'>expertus</span> <span class='ocrx_word' id='word_1_21' title='bbox 416 667 461 719; x_wconf 87' lang='lat' dir='ltr'>est</span> <span class='ocrx_word' id='word_1_22' title='bbox 476 658 664 737; x_wconf 85' lang='lat' dir='ltr'>quicumque,</span> <span class='ocrx_word' id='word_1_23' title='bbox 681 675 768 736; x_wconf 87' lang='lat' dir='ltr'>quarn</span> <span class='ocrx_word' id='word_1_24' title='bbox 786 657 870 720; x_wconf 79' lang='lat' dir='ltr'>facilc</span> <span class='ocrx_word' id='word_1_25' title='bbox 886 655 1047 720; x_wconf 76' lang='lat' dir='ltr'><strong>effluant.</strong></span> 
     </span>
    </p>

    <p class='ocr_par' dir='ltr' id='par_1_4' title="bbox 169 741 868 823">
     <span class='ocr_line' id='line_1_5' title="bbox 169 741 868 823; baseline -0.006 -16"><span class='ocrx_word' id='word_1_26' title='bbox 169 761 236 808; x_wconf 76' lang='lat' dir='ltr'>auu.</span> <span class='ocrx_word' id='word_1_27' title='bbox 258 745 380 806; x_wconf 83' lang='lat' dir='ltr'>tratrem</span> <span class='ocrx_word' id='word_1_28' title='bbox 395 744 484 823; x_wconf 86' lang='lat' dir='ltr'>potiri</span> <span class='ocrx_word' id='word_1_29' title='bbox 500 741 624 820; x_wconf 84' lang='lat' dir='ltr'>gloria</span> <span class='ocrx_word' id='word_1_30' title='bbox 639 743 752 821; x_wconf 84' lang='lat' dir='ltr'>ingenti</span> <span class='ocrx_word' id='word_1_31' title='bbox 768 744 868 804; x_wconf 75' lang='lat' dir='ltr'>netas?</span> 
     </span>
    </p>

    <p class='ocr_par' dir='ltr' id='par_1_5' title="bbox 168 826 942 907">
     <span class='ocr_line' id='line_1_6' title="bbox 168 826 942 907; baseline -0.004 -15"><span class='ocrx_word' id='word_1_32' title='bbox 168 846 237 892; x_wconf 75' lang='lat' dir='ltr'>rur.</span> <span class='ocrx_word' id='word_1_33' title='bbox 259 837 308 891; x_wconf 89' lang='lat' dir='ltr'>tna</span> <span class='ocrx_word' id='word_1_34' title='bbox 323 832 382 890; x_wconf 91' lang='lat' dir='ltr'>iam</span> <span class='ocrx_word' id='word_1_35' title='bbox 397 836 517 907; x_wconf 89' lang='lat' dir='ltr'>peracta</span> <span class='ocrx_word' id='word_1_36' title='bbox 534 826 656 906; x_wconf 82' lang='lat' dir='ltr'>gloria</span> <span class='ocrx_word' id='word_1_37' title='bbox 678 836 737 897; x_wconf 86' lang='lat' dir='ltr'>est,</span> <span class='ocrx_word' id='word_1_38' title='bbox 756 834 847 888; x_wconf 90' lang='lat' dir='ltr'>restat</span> <span class='ocrx_word' id='word_1_39' title='bbox 862 845 942 889; x_wconf 90' lang='lat' dir='ltr'>mea:</span> 
     </span>
    </p>

    <p class='ocr_par' dir='ltr' id='par_1_6' title="bbox 141 911 1139 1078">
     <span class='ocr_line' id='line_1_7' title="bbox 168 911 1139 996; baseline -0.006 -20"><span class='ocrx_word' id='word_1_40' title='bbox 168 935 298 996; x_wconf 81' lang='lat' dir='ltr'>respuere</span> <span class='ocrx_word' id='word_1_41' title='bbox 313 922 427 977; x_wconf 90' lang='lat' dir='ltr'>certum</span> <span class='ocrx_word' id='word_1_42' title='bbox 444 919 489 974; x_wconf 87' lang='lat' dir='ltr'>est</span> <span class='ocrx_word' id='word_1_43' title='bbox 504 930 595 991; x_wconf 82' lang='lat' dir='ltr'>regna</span> <span class='ocrx_word' id='word_1_44' title='bbox 611 912 767 974; x_wconf 86' lang='lat' dir='ltr'>consitium</span> <span class='ocrx_word' id='word_1_45' title='bbox 783 911 865 974; x_wconf 90' lang='lat' dir='ltr'>mihi.</span> <span class='ocrx_word' id='word_1_46' title='bbox 1089 929 1139 980; x_wconf 81' lang='lat'>540</span> 
     </span>
     <span class='ocr_line' id='line_1_8' title="bbox 141 998 1057 1078; baseline -0.004 -16"><span class='ocrx_word' id='word_1_47' title='bbox 141 1010 159 1068; x_wconf 80' lang='lat' dir='ltr'>a‘</span> <span class='ocrx_word' id='word_1_48' title='bbox 204 1015 277 1063; x_wconf 70' lang='lat' dir='ltr'>Aru.</span> <span class='ocrx_word' id='word_1_49' title='bbox 299 1000 394 1061; x_wconf 86' lang='lat' dir='ltr'>Meam</span> <span class='ocrx_word' id='word_1_50' title='bbox 410 998 592 1078; x_wconf 80' lang='lat' dir='ltr'>relinquam,</span> <span class='ocrx_word' id='word_1_51' title='bbox 608 999 663 1057; x_wconf 90' lang='lat' dir='ltr'>nisi</span> <span class='ocrx_word' id='word_1_52' title='bbox 678 1005 759 1059; x_wconf 89' lang='lat' dir='ltr'>tuam</span> <span class='ocrx_word' id='word_1_53' title='bbox 776 1004 890 1076; x_wconf 88' lang='lat' dir='ltr'>partem</span> <span class='ocrx_word' id='word_1_54' title='bbox 906 999 1057 1078; x_wconf 81' lang='lat' dir='ltr'><strong>accipis.</strong></span> 
     </span>
    </p>

    <p class='ocr_par' dir='ltr' id='par_1_7' title="bbox 170 1083 945 1165">
     <span class='ocr_line' id='line_1_9' title="bbox 170 1083 945 1165; baseline -0.005 -19"><span class='ocrx_word' id='word_1_55' title='bbox 170 1100 239 1147; x_wconf 80' lang='lat' dir='ltr'>rur.</span> <span class='ocrx_word' id='word_1_56' title='bbox 261 1087 417 1165; x_wconf 90' lang='lat' dir='ltr'>accipio.</span> <span class='ocrx_word' id='word_1_57' title='bbox 442 1085 527 1162; x_wconf 83' lang='lat' dir='ltr'>regni</span> <span class='ocrx_word' id='word_1_58' title='bbox 541 1100 652 1143; x_wconf 87' lang='lat' dir='ltr'>nomen</span> <span class='ocrx_word' id='word_1_59' title='bbox 668 1083 827 1163; x_wconf 84' lang='lat' dir='ltr'>inpositi</span> <span class='ocrx_word' id='word_1_60' title='bbox 841 1083 945 1154; x_wconf 85' lang='lat' dir='ltr'>ieram,</span> 
     </span>
    </p>

    <p class='ocr_par' dir='ltr' id='par_1_8' title="bbox 170 1168 789 1233">
     <span class='ocr_line' id='line_1_10' title="bbox 170 1168 789 1233; baseline -0.006 -1"><span class='ocrx_word' id='word_1_61' title='bbox 170 1173 214 1233; x_wconf 88' lang='lat' dir='ltr'>sed</span> <span class='ocrx_word' id='word_1_62' title='bbox 227 1173 289 1232; x_wconf 93' lang='lat' dir='ltr'>iura</span> <span class='ocrx_word' id='word_1_63' title='bbox 304 1178 333 1232; x_wconf 92' lang='lat' dir='ltr'>et</span> <span class='ocrx_word' id='word_1_64' title='bbox 348 1189 429 1231; x_wconf 94' lang='lat' dir='ltr'>arma</span> <span class='ocrx_word' id='word_1_65' title='bbox 446 1170 577 1230; x_wconf 86' lang='lat' dir='ltr'>seruient</span> <span class='ocrx_word' id='word_1_66' title='bbox 592 1187 710 1230; x_wconf 88' lang='lat' dir='ltr'>mecum</span> <span class='ocrx_word' id='word_1_67' title='bbox 726 1168 789 1230; x_wconf 90' lang='lat' dir='ltr'>tibi.</span> 
     </span>
    </p>

    <p class='ocr_par' dir='ltr' id='par_1_9' title="bbox 171 1251 925 1335">
     <span class='ocr_line' id='line_1_11' title="bbox 171 1251 925 1335; baseline -0.003 -19"><span class='ocrx_word' id='word_1_68' title='bbox 171 1271 237 1317; x_wconf 80' lang='lat' dir='ltr'>aru.</span> <span class='ocrx_word' id='word_1_69' title='bbox 259 1258 423 1335; x_wconf 87' lang='lat' dir='ltr'>inposita</span> <span class='ocrx_word' id='word_1_70' title='bbox 438 1256 527 1333; x_wconf 88' lang='lat' dir='ltr'>capiti</span> <span class='ocrx_word' id='word_1_71' title='bbox 543 1252 639 1314; x_wconf 88' lang='lat' dir='ltr'>uincla</span> <span class='ocrx_word' id='word_1_72' title='bbox 655 1251 925 1332; x_wconf 80' lang='lat' dir='ltr'>uenerando‘gere.</span> 
     </span>
    </p>

    <p class='ocr_par' dir='ltr' id='par_1_10' title="bbox 171 1337 1139 1421">
     <span class='ocr_line' id='line_1_12' title="bbox 171 1337 1139 1421; baseline -0.001 -19"><span class='ocrx_word' id='word_1_73' title='bbox 171 1360 216 1421; x_wconf 85' lang='lat' dir='ltr'>ego</span> <span class='ocrx_word' id='word_1_74' title='bbox 230 1341 386 1404; x_wconf 88' lang='lat' dir='ltr'>destinatas</span> <span class='ocrx_word' id='word_1_75' title='bbox 401 1342 538 1401; x_wconf 86' lang='lat' dir='ltr'>uictimas</span> <span class='ocrx_word' id='word_1_76' title='bbox 553 1340 669 1419; x_wconf 89' lang='lat' dir='ltr'>superis</span> <span class='ocrx_word' id='word_1_77' title='bbox 684 1337 771 1400; x_wconf 89' lang='lat' dir='ltr'>dabo.</span> <span class='ocrx_word' id='word_1_78' title='bbox 1090 1353 1139 1402; x_wconf 72' lang='lat'>545</span> 
     </span>
    </p>
   </div>
   <div class='ocr_carea' id='block_1_3' title="bbox 537 1537 673 1587">
    <p class='ocr_par' dir='ltr' id='par_1_11' title="bbox 537 1537 673 1587">
     <span class='ocr_line' id='line_1_13' title="bbox 537 1537 673 1587; baseline -0.015 0"><span class='ocrx_word' id='word_1_79' title='bbox 537 1537 673 1587; x_wconf 79' lang='lat' dir='ltr'>GHORVS</span> 
     </span>
    </p>
   </div>
   <div class='ocr_carea' id='block_1_4' title="bbox 148 1659 973 1912">
    <p class='ocr_par' dir='ltr' id='par_1_12' title="bbox 148 1659 973 1912">
     <span class='ocr_line' id='line_1_14' title="bbox 148 1659 973 1740; baseline -0.007 -13"><span class='ocrx_word' id='word_1_80' title='bbox 148 1696 160 1727; x_wconf 73' lang='lat' dir='ltr'>a</span> <span class='ocrx_word' id='word_1_81' title='bbox 313 1663 420 1724; x_wconf 83' lang='lat' dir='ltr'>Credat</span> <span class='ocrx_word' id='word_1_82' title='bbox 435 1662 493 1722; x_wconf 92' lang='lat' dir='ltr'>hoc</span> <span class='ocrx_word' id='word_1_83' title='bbox 509 1662 682 1740; x_wconf 78' lang='lat' dir='ltr'>quisquam?</span> <span class='ocrx_word' id='word_1_84' title='bbox 700 1661 780 1722; x_wconf 87' lang='lat' dir='ltr'>ierus</span> <span class='ocrx_word' id='word_1_85' title='bbox 796 1659 844 1721; x_wconf 89' lang='lat' dir='ltr'>ille</span> <span class='ocrx_word' id='word_1_86' title='bbox 861 1668 889 1721; x_wconf 89' lang='lat' dir='ltr'>et</span> <span class='ocrx_word' id='word_1_87' title='bbox 904 1678 973 1722; x_wconf 89' lang='lat' dir='ltr'>acer</span> 
     </span>
     <span class='ocr_line' id='line_1_15' title="bbox 245 1747 863 1828; baseline -0.003 -20"><span class='ocrx_word' id='word_1_88' title='bbox 245 1767 299 1810; x_wconf 89' lang='lat' dir='ltr'>nec</span> <span class='ocrx_word' id='word_1_89' title='bbox 313 1756 419 1828; x_wconf 86' lang='lat' dir='ltr'>potens</span> <span class='ocrx_word' id='word_1_90' title='bbox 435 1749 543 1808; x_wconf 85' lang='lat' dir='ltr'>mentis</span> <span class='ocrx_word' id='word_1_91' title='bbox 558 1747 742 1808; x_wconf 86' lang='lat' dir='ltr'>truculentus</span> <span class='ocrx_word' id='word_1_92' title='bbox 758 1749 863 1808; x_wconf 79' lang='lat' dir='ltr'>Atreus</span> 
     </span>
     <span class='ocr_line' id='line_1_16' title="bbox 246 1831 796 1912; baseline -0.002 -20"><span class='ocrx_word' id='word_1_93' title='bbox 246 1834 342 1894; x_wconf 89' lang='lat' dir='ltr'>iratris</span> <span class='ocrx_word' id='word_1_94' title='bbox 357 1840 480 1912; x_wconf 87' lang='lat' dir='ltr'>aspectu</span> <span class='ocrx_word' id='word_1_95' title='bbox 495 1831 677 1912; x_wconf 79' lang='lat' dir='ltr'>stupefactus</span> <span class='ocrx_word' id='word_1_96' title='bbox 694 1832 796 1894; x_wconf 83' lang='lat' dir='ltr'>haesit.</span> 
     </span>
    </p>
   </div>
   <div class='ocr_carea' id='block_1_5' title="bbox 248 2002 825 2253">
    <p class='ocr_par' dir='ltr' id='par_1_13' title="bbox 248 2002 825 2253">
     <span class='ocr_line' id='line_1_17' title="bbox 285 2002 825 2082; baseline -0.006 -18"><span class='ocrx_word' id='word_1_97' title='bbox 285 2002 368 2065; x_wconf 82' lang='lat' dir='ltr'>Nulla</span> <span class='ocrx_word' id='word_1_98' title='bbox 386 2005 429 2064; x_wconf 92' lang='lat' dir='ltr'>nis</span> <span class='ocrx_word' id='word_1_99' title='bbox 444 2003 539 2064; x_wconf 86' lang='lat' dir='ltr'>maior</span> <span class='ocrx_word' id='word_1_100' title='bbox 555 2005 664 2082; x_wconf 90' lang='lat' dir='ltr'>pietate</span> <span class='ocrx_word' id='word_1_101' title='bbox 678 2020 749 2062; x_wconf 89' lang='lat' dir='ltr'>nera</span> <span class='ocrx_word' id='word_1_102' title='bbox 767 2009 825 2064; x_wconf 89' lang='lat' dir='ltr'>est:</span> 
     </span>
     <span class='ocr_line' id='line_1_18' title="bbox 248 2088 749 2168; baseline -0.004 -19"><span class='ocrx_word' id='word_1_103' title='bbox 248 2090 336 2168; x_wconf 85' lang='lat' dir='ltr'>iurgia</span> <span class='ocrx_word' id='word_1_104' title='bbox 353 2090 483 2151; x_wconf 84' lang='lat' dir='ltr'>externis</span> <span class='ocrx_word' id='word_1_105' title='bbox 499 2088 618 2151; x_wconf 88' lang='lat' dir='ltr'>inimica</span> <span class='ocrx_word' id='word_1_106' title='bbox 633 2088 749 2158; x_wconf 88' lang='lat' dir='ltr'>durant,</span> 
     </span>
     <span class='ocr_line' id='line_1_19' title="bbox 248 2172 783 2253; baseline -0.009 -17"><span class='ocrx_word' id='word_1_107' title='bbox 248 2192 318 2253; x_wconf 85' lang='lat' dir='ltr'>qnos</span> <span class='ocrx_word' id='word_1_108' title='bbox 334 2193 417 2236; x_wconf 91' lang='lat' dir='ltr'>amor</span> <span class='ocrx_word' id='word_1_109' title='bbox 437 2192 528 2235; x_wconf 89' lang='lat' dir='ltr'>uerus</span> <span class='ocrx_word' id='word_1_110' title='bbox 543 2176 647 2243; x_wconf 89' lang='lat' dir='ltr'>tenuit,</span> <span class='ocrx_word' id='word_1_111' title='bbox 663 2172 783 2234; x_wconf 88' lang='lat' dir='ltr'>tenebit.</span> 
     </span>
    </p>
   </div>
   <div class='ocr_carea' id='block_1_6' title="bbox 248 2344 797 2677">
    <p class='ocr_par' dir='ltr' id='par_1_14' title="bbox 248 2344 797 2677">
     <span class='ocr_line' id='line_1_20' title="bbox 286 2344 779 2423; baseline -0.008 -16"><span class='ocrx_word' id='word_1_112' title='bbox 286 2347 415 2407; x_wconf 83' lang='lat' dir='ltr'>tracum</span> <span class='ocrx_word' id='word_1_113' title='bbox 432 2346 547 2421; x_wconf 83' lang='lat' dir='ltr'>magnis</span> <span class='ocrx_word' id='word_1_114' title='bbox 562 2345 666 2423; x_wconf 84' lang='lat' dir='ltr'>agitata</span> <span class='ocrx_word' id='word_1_115' title='bbox 684 2344 779 2404; x_wconf 89' lang='lat' dir='ltr'>causis</span> 
     </span>
     <span class='ocr_line' id='line_1_21' title="bbox 248 2428 783 2510; baseline -0.007 -19"><span class='ocrx_word' id='word_1_116' title='bbox 248 2433 367 2508; x_wconf 85' lang='lat' dir='ltr'>gratiam</span> <span class='ocrx_word' id='word_1_117' title='bbox 383 2432 465 2510; x_wconf 86' lang='lat' dir='ltr'>rupit</span> <span class='ocrx_word' id='word_1_118' title='bbox 480 2430 644 2509; x_wconf 88' lang='lat' dir='ltr'>cecinitque</span> <span class='ocrx_word' id='word_1_119' title='bbox 663 2428 783 2497; x_wconf 86' lang='lat' dir='ltr'>beilum,</span> 
     </span>
     <span class='ocr_line' id='line_1_22' title="bbox 250 2514 797 2583; baseline -0.004 -8"><span class='ocrx_word' id='word_1_120' title='bbox 250 2534 312 2576; x_wconf 88' lang='lat' dir='ltr'>cunr</span> <span class='ocrx_word' id='word_1_121' title='bbox 328 2514 410 2577; x_wconf 89' lang='lat' dir='ltr'>lenes</span> <span class='ocrx_word' id='word_1_122' title='bbox 425 2516 517 2576; x_wconf 88' lang='lat' dir='ltr'>irenis</span> <span class='ocrx_word' id='word_1_123' title='bbox 532 2533 659 2575; x_wconf 84' lang='lat' dir='ltr'>sonuere</span> <span class='ocrx_word' id='word_1_124' title='bbox 676 2522 797 2583; x_wconf 87' lang='lat' dir='ltr'>turmae,</span> 
     </span>
     <span class='ocr_line' id='line_1_23' title="bbox 248 2598 747 2677; baseline -0.006 -18"><span class='ocrx_word' id='word_1_125' title='bbox 248 2601 323 2661; x_wconf 86' lang='lat' dir='ltr'>iulsit</span> <span class='ocrx_word' id='word_1_126' title='bbox 337 2601 407 2661; x_wconf 91' lang='lat' dir='ltr'>hinc</span> <span class='ocrx_word' id='word_1_127' title='bbox 421 2599 503 2661; x_wconf 89' lang='lat' dir='ltr'>iiiinc</span> <span class='ocrx_word' id='word_1_128' title='bbox 519 2601 644 2677; x_wconf 83' lang='lat' dir='ltr'>agitatus</span> <span class='ocrx_word' id='word_1_129' title='bbox 660 2598 747 2667; x_wconf 88' lang='lat' dir='ltr'>ensis,</span> 
     </span>
    </p>
   </div>
   <div class='ocr_carea' id='block_1_7' title="bbox 249 2768 887 3104">
    <p class='ocr_par' dir='ltr' id='par_1_15' title="bbox 249 2768 887 3104">
     <span class='ocr_line' id='line_1_24' title="bbox 287 2768 887 2843; baseline -0.003 -12"><span class='ocrx_word' id='word_1_130' title='bbox 287 2772 378 2843; x_wconf 82' lang='lat' dir='ltr'>Quem</span> <span class='ocrx_word' id='word_1_131' title='bbox 395 2777 496 2831; x_wconf 86' lang='lat' dir='ltr'>munet</span> <span class='ocrx_word' id='word_1_132' title='bbox 512 2768 620 2831; x_wconf 87' lang='lat' dir='ltr'>crebro</span> <span class='ocrx_word' id='word_1_133' title='bbox 635 2768 813 2829; x_wconf 74' lang='lat' dir='ltr'>furibundus</span> <span class='ocrx_word' id='word_1_134' title='bbox 829 2769 887 2829; x_wconf 89' lang='lat' dir='ltr'>ictu</span> 
     </span>
     <span class='ocr_line' id='line_1_25' title="bbox 249 2855 871 2934; baseline 0 -19"><span class='ocrx_word' id='word_1_135' title='bbox 249 2857 418 2934; x_wconf 85' lang='lat' dir='ltr'>sanguinem</span> <span class='ocrx_word' id='word_1_136' title='bbox 433 2856 552 2916; x_wconf 82' lang='lat' dir='ltr'>Mauors</span> <span class='ocrx_word' id='word_1_137' title='bbox 569 2855 691 2932; x_wconf 90' lang='lat' dir='ltr'>cupiens</span> <span class='ocrx_word' id='word_1_138' title='bbox 707 2862 871 2916; x_wconf 81' lang='lat' dir='ltr'>recentem:</span> 
     </span>
     <span class='ocr_line' id='line_1_26' title="bbox 249 2940 845 3019; baseline -0.003 -20"><span class='ocrx_word' id='word_1_139' title='bbox 249 2942 385 3019; x_wconf 88' lang='lat' dir='ltr'>opprimit</span> <span class='ocrx_word' id='word_1_140' title='bbox 400 2942 513 3001; x_wconf 84' lang='lat' dir='ltr'>ferrum</span> <span class='ocrx_word' id='word_1_141' title='bbox 529 2940 724 3018; x_wconf 87' lang='lat' dir='ltr'>manibusque</span> <span class='ocrx_word' id='word_1_142' title='bbox 741 2941 845 3002; x_wconf 91' lang='lat' dir='ltr'>iunctis</span> 
     </span>
     <span class='ocr_line' id='line_1_27' title="bbox 249 3024 773 3104; baseline 0.002 -20"><span class='ocrx_word' id='word_1_143' title='bbox 249 3024 324 3087; x_wconf 90' lang='lat' dir='ltr'>ducit</span> <span class='ocrx_word' id='word_1_144' title='bbox 340 3026 375 3086; x_wconf 88' lang='lat' dir='ltr'>ad</span> <span class='ocrx_word' id='word_1_145' title='bbox 391 3044 496 3104; x_wconf 87' lang='lat' dir='ltr'>pacem</span> <span class='ocrx_word' id='word_1_146' title='bbox 512 3027 606 3103; x_wconf 89' lang='lat' dir='ltr'>pietas</span> <span class='ocrx_word' id='word_1_147' title='bbox 621 3032 773 3104; x_wconf 80' lang='lat' dir='ltr'>negantes.</span> 
     </span>
    </p>
   </div>
   <div class='ocr_carea' id='block_1_8' title="bbox 249 3192 826 3444">
    <p class='ocr_par' dir='ltr' id='par_1_16' title="bbox 249 3192 826 3444">
     <span class='ocr_line' id='line_1_28' title="bbox 288 3192 803 3257; baseline -0.008 0"><span class='ocrx_word' id='word_1_148' title='bbox 288 3195 385 3257; x_wconf 83' lang='lat' dir='ltr'>Otium</span> <span class='ocrx_word' id='word_1_149' title='bbox 401 3202 484 3256; x_wconf 89' lang='lat' dir='ltr'>tanto</span> <span class='ocrx_word' id='word_1_150' title='bbox 500 3194 628 3257; x_wconf 88' lang='lat' dir='ltr'>subitum</span> <span class='ocrx_word' id='word_1_151' title='bbox 645 3214 661 3256; x_wconf 93' lang='lat' dir='ltr'>e</span> <span class='ocrx_word' id='word_1_152' title='bbox 676 3192 803 3255; x_wconf 87' lang='lat' dir='ltr'>tumultu</span> 
     </span>
     <span class='ocr_line' id='line_1_29' title="bbox 249 3279 826 3361; baseline -0.005 -19"><span class='ocrx_word' id='word_1_153' title='bbox 249 3283 310 3359; x_wconf 85' lang='lat' dir='ltr'>quis</span> <span class='ocrx_word' id='word_1_154' title='bbox 325 3282 399 3342; x_wconf 86' lang='lat' dir='ltr'>deus</span> <span class='ocrx_word' id='word_1_155' title='bbox 415 3282 501 3343; x_wconf 71' lang='lat' dir='ltr'>iecit?</span> <span class='ocrx_word' id='word_1_156' title='bbox 517 3279 604 3341; x_wconf 87' lang='lat' dir='ltr'>modu</span> <span class='ocrx_word' id='word_1_157' title='bbox 620 3298 674 3358; x_wconf 94' lang='lat' dir='ltr'>per</span> <span class='ocrx_word' id='word_1_158' title='bbox 690 3280 826 3361; x_wconf 79' lang='lat' dir='ltr'>Mycenas</span> 
     </span>
     <span class='ocr_line' id='line_1_30' title="bbox 251 3364 692 3444; baseline -0.002 -18"><span class='ocrx_word' id='word_1_159' title='bbox 251 3385 326 3427; x_wconf 91' lang='lat' dir='ltr'>arma</span> <span class='ocrx_word' id='word_1_160' title='bbox 343 3366 438 3427; x_wconf 89' lang='lat' dir='ltr'>ciuilis</span> <span class='ocrx_word' id='word_1_161' title='bbox 454 3384 597 3444; x_wconf 80' lang='lat' dir='ltr'>crepuere</span> <span class='ocrx_word' id='word_1_162' title='bbox 614 3364 692 3427; x_wconf 85' lang='lat' dir='ltr'>belli.</span> 
     </span>
    </p>
   </div>
   <div class='ocr_carea' id='block_1_9' title="bbox 181 3498 364 3512">
    <p class='ocr_par' dir='ltr' id='par_1_17' title="bbox 181 3498 364 3512">
     <span class='ocr_line' id='line_1_31' title="bbox 181 3498 364 3512; baseline -0.005 0"><span class='ocrx_word' id='word_1_163' title='bbox 181 3498 364 3512; x_wconf 51' lang='lat' dir='ltr'>——ss</span> 
     </span>
    </p>
   </div>
   <div class='ocr_carea' id='block_1_10' title="bbox 181 3564 1064 3705">
    <p class='ocr_par' dir='ltr' id='par_1_18' title="bbox 181 3564 1064 3705">
     <span class='ocr_line' id='line_1_32' title="bbox 221 3564 1064 3637; baseline -0.004 -17"><span class='ocrx_word' id='word_1_164' title='bbox 221 3570 262 3621; x_wconf 75' lang='lat'>541</span> <span class='ocrx_word' id='word_1_165' title='bbox 278 3570 432 3622; x_wconf 82' lang='lat' dir='ltr'>nitnamE</span> <span class='ocrx_word' id='word_1_166' title='bbox 454 3566 467 3637; x_wconf 72' lang='lat' dir='ltr'>l]</span> <span class='ocrx_word' id='word_1_167' title='bbox 489 3571 539 3621; x_wconf 81' lang='lat'>544</span> <span class='ocrx_word' id='word_1_168' title='bbox 557 3569 657 3635; x_wconf 71' lang='lat' dir='ltr'>regei-2</span> <span class='ocrx_word' id='word_1_169' title='bbox 676 3570 780 3636; x_wconf 81' lang='lat' dir='ltr'>gereA</span> <span class='ocrx_word' id='word_1_170' title='bbox 798 3564 809 3636; x_wconf 73' lang='lat' dir='ltr'>ll</span> <span class='ocrx_word' id='word_1_171' title='bbox 833 3567 976 3619; x_wconf 79' lang='lat' dir='ltr'>OHORVS</span> <span class='ocrx_word' id='word_1_172' title='bbox 989 3568 1041 3617; x_wconf 85' lang='lat' dir='ltr'>EA</span> <span class='ocrx_word' id='word_1_173' title='bbox 1053 3564 1064 3633; x_wconf 69' lang='lat' dir='ltr'>ti</span> 
     </span>
     <span class='ocr_line' id='line_1_33' title="bbox 181 3634 641 3705; baseline 0.007 -19"><span class='ocrx_word' id='word_1_174' title='bbox 181 3636 221 3686; x_wconf 75' lang='lat'>558</span> <span class='ocrx_word' id='word_1_175' title='bbox 236 3640 362 3705; x_wconf 88' lang='lat' dir='ltr'>opprimet</span> <span class='ocrx_word' id='word_1_176' title='bbox 380 3639 407 3689; x_wconf 85' lang='lat' dir='ltr'><em>E</em></span> <span class='ocrx_word' id='word_1_177' title='bbox 434 3639 564 3705; x_wconf 88' lang='lat' dir='ltr'>opprimit</span> <span class='ocrx_word' id='word_1_178' title='bbox 575 3640 600 3689; x_wconf 83' lang='grc' dir='ltr'><em>Α</em></span> <span class='ocrx_word' id='word_1_179' title='bbox 629 3634 641 3705; x_wconf 75' lang='grc' dir='ltr'>ΙΙ</span> 
     </span>
    </p>
   </div>
   <div class='ocr_carea' id='block_1_11' title="bbox 0 0 1391 4250">
    <p class='ocr_par' dir='ltr' id='par_1_19' title="bbox 0 0 1391 4250">
     <span class='ocr_line' id='line_1_34' title="bbox 0 0 1391 4250; baseline 0 0"><span class='ocrx_word' id='word_1_180' title='bbox 0 0 1391 4250; x_wconf 95' lang='lat' dir='ltr'> </span> 
     </span>
    </p>
   </div>
  </div>
 </body>
</html>
