2750 4250
279 330 319 396 16
549 345 580 392 r..
604 344 737 394 ausser
759 343 918 392 sunnone

234 499 264 551 ι’
319 503 397 546 uno.
421 483 583 546 Demersus
597 502 631 545 ac
647 483 784 546 defossus
797 492 828 546 et
842 492 905 546 toto
920 486 1043 563 iusuper

277 586 437 649 oppressus
452 568 527 629 orbe
542 587 646 649 quarn
668 571 766 631 uiam
780 569 817 630 'ad
833 587 961 648 superos
975 569 1104 632 habeti
1279 640 1280 643 Ἴ

276 674 377 716 auen.
400 672 505 733 quam
522 661 594 714 tunc
609 653 772 715 habehat
786 662 1063 733 cumperureutem
1079 654 1185 734 plagam

277 748 308 800 et
321 739 499 800 fluctuantes
514 757 598 800 more
613 739 723 801 turbati
737 741 829 800 maris

278 823 349 884 ahiit
362 823 489 884 harenas
504 823 609 901 bisque
624 824 780 885 discedens
794 823 904 886 fretum
1201 842 1237 890 set

278 916 307 969 et
322 908 368 970 his
383 927 544 970 recurrens
559 927 685 989 cumque
701 909 818 970 deserta
833 918 898 970 rate

278 993 441 1072 deprensus
456 994 552 1056 haesit
566 995 688 1071 syrtium
704 993 851 1056 breuibus
865 995 950 1056 uadis

278 1085 306 1139 et
321 1096 421 1157 puppe
435 1079 492 1139 fixa
509 1080 599 1139 maria
614 1080 768 1157 superauit
782 1079 883 1158 pedes.
972 1136 975 1145 .

240 1158 259 1208 h
321 1175 406 1223 unu.
429 1163 532 1243 Iniqua
548 1180 617 1224 raro
632 1163 767 1224 ruaxirnis
781 1164 942 1226 uirtutibus

278 1248 394 1308 fortuna
410 1250 516 1328 parcit.
539 1264 627 1310 uento
643 1267 675 1310 se
691 1256 755 1309 tuto
770 1248 822 1309 diu

277 1331 418 1410 perieulis
434 1333 544 1394 offerre
559 1340 618 1394 tam
634 1331 751 1394 crebris
765 1341 872 1412 potest.

281 1413 388 1501 [Casus
404 1435 492 1494 quem
507 1435 600 1495 saepe
613 1422 726 1480 transit
739 1421 907 1494 aliquando
922 1413 1064 1501 iswah]

235 1502 266 1560 h'
320 1503 378 1564 Sed
394 1521 464 1564 ecce
479 1520 586 1564 saeuus
601 1521 636 1564 ao
651 1503 746 1563 muas
761 1502 845 1564 uultu
861 1520 970 1581 gerens

278 1596 307 1650 et
322 1586 415 1667 qualis
430 1589 528 1649 animo
544 1595 589 1648 est
603 1587 671 1650 talis
686 1589 803 1649 incessu
818 1590 902 1650 uenh

277 1672 372 1734 aliena
388 1673 492 1734 dextra
508 1679 624 1751 sceptra
640 1674 814 1734 concutiens
828 1673 936 1758 Lycus.
1097 1685 1181 1730 nvru
1207 1687 1248 1735 sss

240 1885 262 1936 h
321 1895 395 1937 nnc.
418 1875 504 1936 Vrbis
519 1893 626 1954 regens
641 1875 780 1956 opulenta
795 1875 941 1938 thebanae
956 1874 1022 1938 loca

278 1968 307 2022 et
322 1979 409 2022 omne
428 1961 566 2041 quicquid
582 1960 667 2022 uberi
683 1961 776 2039 cingit
790 1959 854 2022 solo

278 2045 398 2125 obliqua
412 2045 528 2115 Phocis,
545 2044 683 2126 quicquid
699 2045 832 2106 Ismenos
847 2047 932 2124 rigat,

280 2127 439 2215 [quicquid
454 2134 618 2195 Cithaeron
632 2135 748 2193 uertice
762 2135 843 2194 celso
858 2134 943 2193 uidet

278 2225 307 2277 et
321 2220 393 2279 hine
407 2220 548 2280 scindens
562 2219 691 2279 Isthmos
705 2219 795 2278 exilis
807 2213 908 2363 frelcp]

250 2316 263 2363 i
323 2302 387 2362 Non
403 2310 506 2364 uetera
522 2304 634 2381 patriae
649 2303 714 2362 iura
730 2302 869 2381 possideo
906 2320 991 2363 ornus

277 2389 403 2463 ignauus
417 2387 517 2449 heres.
548 2385 663 2448 nobiles
679 2405 739 2447 non
754 2393 825 2448 sunt
839 2386 912 2449 mihi

278 2473 326 2532 aui
342 2490 396 2534 uec
412 2471 478 2534 altis
495 2469 627 2533 inolitum
642 2471 734 2533 titulis
750 2488 852 2550 genus,

346 2746 394 2796 321
418 2759 452 2794 se
475 2758 587 2810 pressus
605 2748 633 2793 et
655 2745 682 2794 V
711 2738 724 2808 ll
753 2744 803 2794 323
821 2744 878 2793 uim
896 2740 973 2792 n¹V¹
1002 2739 1015 2808 11
1043 2744 1200 2808 eusebiis)

275 2814 294 2865 b
317 2814 394 2863 litera
411 2816 437 2863 ln
454 2829 507 2863 ras.
527 2808 565 2860 13²
594 2810 663 2860 adiit
681 2813 706 2860 Ρ
726 2806 740 2878 ΙΙ
767 2812 817 2862 snt
835 2811 946 2861 hesitn
963 2808 1036 2861 texit
1052 2812 1080 2860 V
1097 2808 1110 2877 ΙΙ
1147 2816 1200 2865 328

276 2880 558 3014 {Zdehustt'tedii
575 2875 864 3012 hhtth‘hlhh
882 2878 1119 3013 2⁸0⁰AEth
1127 2883 1202 3001 tl:

277 3017 392 3067 Senecae
414 3018 554 3067 sententias
576 3016 603 3064 in
625 3016 713 3066 codice
737 3017 858 3066 Parisino
876 3017 945 3066 8040
966 3018 1064 3065 saeculi
1079 3014 1145 3065 XII
1166 3020 1201 3068 de

275 3100 326 3150 quo
344 3086 396 3135 uid.
409 3084 553 3135 Buecheler
575 3083 601 3131 in
614 3084 703 3147 praef.
723 3085 870 3135 Petronium
885 3100 914 3148 p.
929 3083 1011 3133 XXI.
1023 3083 1118 3133 Publili
1133 3081 1204 3150 Syri

277 3168 334 3202 esse
349 3158 414 3216 puto
432 3155 473 3202 cui
489 3152 634 3201 uindicatur
652 3150 683 3201 ab
701 3152 802 3203 illarum
818 3154 1000 3202 sententiarum
1018 3152 1160 3202 editoribus

275 3220 366 3281 Quem
384 3234 468 3285 saepe
487 3223 507 3269 t.
521 3235 545 3270 e.
558 3237 580 3270 ω
603 3217 693 3270 Casus
711 3233 793 3285 quem
811 3234 833 3272 s.
846 3224 866 3269 t.
879 3220 912 3271 P.
926 3219 989 3284 Syri
1005 3221 1065 3271 edd.
1084 3237 1107 3269 u.
1127 3222 1165 3271 34

275 3288 413 3339 sse-340
434 3288 561 3351 Meporae
579 3287 782 3339 conliuanlurA
811 3283 824 3351 11
852 3290 902 3338 337
925 3288 1011 3337 ubere
1030 3286 1108 3337 EVR
1127 3288 1202 3340 ube-

275 3355 339 3405 riA
362 3352 375 3420 ll
397 3357 446 3407 338
465 3355 534 3405 fatis
557 3357 583 3406 V
604 3350 617 3420 H
638 3370 786 3419 ysmeneus
803 3354 831 3403 V
848 3351 861 3421 ΙΙ
883 3372 925 3405 uu.
938 3357 988 3407 339
1001 3357 1052 3406 340
1068 3359 1160 3405 sustuli

275 3425 328 3475 339
348 3430 411 3488 post
432 3424 482 3473 340
501 3424 602 3487 positus
618 3430 657 3473 est
674 3424 732 3473 EV
808 3422 884 3474 celso
906 3424 932 3472 V
958 3423 1068 3474 excelso
1092 3423 1143 3479 ΕΑ

276 3494 329 3543 340
345 3489 474 3542 scindens
491 3493 538 3555 ch
557 3488 662 3541 findens
681 3491 732 3541 EA
802 3492 852 3542 341
870 3491 957 3541 Licus
984 3494 1089 3542 sinistro
1103 3495 1202 3558 uterq.)

282 3561 329 3619 Veh
353 3558 640 3695 LYOKSNMEGARA
659 3557 737 3611 Ans
829 3559 904 3611 Yon
921 3560 947 3609 Α
985 3559 1010 3608 Ε
1028 3560 1094 3625 chi
1110 3564 1203 3614 oratio

275 3630 440 3679 continuetur
