2750 4250
561 355 761 405 PRAEFATIO
898 393 910 405 .
997 371 1002 378 ’
1049 359 1130 407 vt111

188 515 307 571 siderent
333 523 366 570 ut
387 514 540 571 consimilis
565 515 629 570 artis
657 533 739 590 opera
767 534 827 572 cum
850 520 976 592 genuinis
1003 519 1131 576 uidentur

187 599 347 656 coniunctae
363 615 432 656 esse.
469 597 546 670 Quod
563 601 668 674 quidem
691 619 723 658 eo
739 610 865 676 tempore
885 603 986 659 iactum
1009 620 1070 660 esse
1086 621 1132 660 su·

187 685 340 758 spicamur,
363 702 418 758 quo
434 701 524 759 neque
542 687 708 760 tragicorum
724 703 883 759 graecorum
899 687 989 744 studia
1005 689 1130 744 euanuis·

187 777 245 825 sent
261 787 312 826 nec
322 769 573 827 Frontonianorum
589 770 734 828 sedulitate
749 772 836 846 ipsius
848 770 965 829 Senecae
981 775 1132 830 auctoritas

185 855 299 911 infracta
322 863 403 911 esset.
447 855 512 912 Nam
535 858 594 912 eins
616 857 766 930 exemplum
789 863 959 932 quantopere
979 874 1040 914 cum
1061 859 1131 931 lga-

185 940 338 996 memuonis
360 946 417 996 tum
441 943 555 998 maxime
576 939 699 997 Herculis
728 948 825 998 auctor
845 942 878 998 ad
899 943 1058 999 imitandum
1079 942 1131 998 sibi

183 1027 363 1098 proposuerit
377 1041 411 1081 ne
425 1025 525 1082 leuiter
540 1025 648 1099 quidem
663 1027 814 1083 intuentem
830 1025 927 1100 lugiet.
995 1011 1008 1029 ⁰

247 1109 346 1165 Earum
374 1109 526 1167 tabularum
553 1109 664 1167 alteram
687 1116 772 1167 anteit
793 1120 821 1169 et
842 1121 965 1186 tempore
993 1120 1021 1167 et
1040 1114 1130 1186 pretio

184 1196 367 1268 Agamemno,
391 1211 471 1268 quarn
490 1195 655 1269 tragoediam
672 1197 758 1271 isqui
775 1196 916 1252 Herculem
933 1196 1049 1254 alterum
1066 1197 1131 1253 scri·

184 1281 239 1352 psit
263 1287 328 1334 ante
348 1279 444 1335 oeulos
464 1280 559 1336 babuit
580 1289 607 1337 et
628 1281 654 1336 in
671 1281 765 1337 multis
786 1289 828 1337 est
848 1279 1016 1353 imitatus*).
1060 1282 1131 1354 tiga-

185 1364 338 1420 memnonis
355 1373 452 1420 auctor
466 1373 577 1439 praeter
587 1366 723 1439 Thyesten
737 1365 854 1422 Senecae
870 1366 1032 1440 Aeschylum
1050 1382 1130 1440 quern

185 1447 233 1504 illc
248 1456 404 1522 spreuerat,
428 1452 455 1504 in
471 1450 553 1506 rebus
570 1451 715 1506 tractandis
730 1451 826 1507 ducem
842 1450 893 1506 sibi
909 1450 1006 1524 elegit,
1027 1453 1054 1506 in
1071 1467 1132 1506 sen·

185 1532 277 1589 tentiis
304 1533 455 1607 uerbisque
482 1534 514 1590 ab
541 1535 661 1608 Vergilio
683 1536 851 1608 lloratioque
879 1535 978 1609 quibus
1004 1533 1130 1591 Ouidium

183 1635 263 1674 suurn
279 1619 419 1692 praeferre
436 1622 582 1676 consueuit
596 1619 794 1695 philosophus,
818 1637 873 1676 non
890 1635 974 1694 pauca
991 1627 1131 1676 mutuatus

183 1711 235 1758 est.
262 1703 294 1758 ln.
307 1703 474 1760 carminibus
490 1721 557 1760 uero
574 1706 722 1760 condendis
738 1721 798 1761 eum
815 1722 869 1760 non
887 1705 1063 1784 acquieuisse
1075 1704 1131 1760 ior·

182 1789 234 1842 mis
256 1787 373 1843 Senecae
400 1788 444 1844 uel
466 1794 558 1862 potins
585 1791 643 1846 eius
665 1789 824 1863 aequalibus
845 1789 976 1845 adamatis
997 1791 1131 1846 canticum

182 1871 249 1928 illud
273 1872 395 1928 ostendit
409 1890 441 1929 ex
457 1874 634 1930 dimetrorunr
651 1882 679 1930 et
693 1882 927 1931 monometrorum
946 1876 1131 1948 anapaestico·

181 1973 241 2012 rum
260 1959 407 2031 quinquies
419 1959 579 2014 iteratorum
595 1959 717 2033 strophis
731 1961 905 2034 conpositum
917 1977 943 2014 u.
953 1957 1130 2016 311-408.

182 2042 348 2098 llonendum
365 2043 483 2117 denique
499 2043 580 2099 buius
598 2061 709 2117 quoque
725 2045 881 2118 tragoediae
897 2060 951 2100 non
963 2043 1131 2119 perpolitum

183 2134 211 2183 et
233 2127 342 2201 publice
358 2128 459 2184 editum
483 2128 620 2203 exemplar
635 2129 754 2207 Senecae
776 2130 882 2186 selredis
904 2131 1038 2186 adiectum
1060 2146 1130 2193 esse,

183 2212 230 2268 sed
252 2212 362 2285 plenum
385 2212 476 2268 lituris
501 2212 532 2268 ab
555 2216 676 2270 auctoris
697 2232 777 2271 manu
798 2216 892 2277 iactis,
919 2215 945 2270 id
969 2215 1041 2287 quod
1062 2215 1131 2270 mira

182 2296 263 2353 docet
287 2299 439 2371 scripturae
455 2297 600 2354 diuersitas
617 2315 686 2373 qnae
706 2302 829 2357 cernitur
849 2299 875 2355 in
893 2299 997 2356 cantico
1018 2299 1066 2355 illo
1082 2300 1131 2354 mi-

182 2382 297 2437 sern'me
319 2382 470 2437 deformato
499 2400 526 2438 n.
550 2382 729 2441 eta-924.
772 2385 843 2441 ldern
866 2385 940 2458 quod
962 2384 995 2440 de
1015 2384 1131 2441 Hercule

182 2466 269 2522 altero
287 2466 452 2522 affirmemus
467 2467 540 2522 nulla
557 2477 599 2523 est
615 2468 766 2541 probabilis
781 2486 883 2525 caussa.

245 2550 299 2629 lam
321 2568 387 2608 uero
410 2567 509 2607 nouem
532 2552 594 2609 illae
614 2552 660 2608 uel
675 2556 769 2627 potius
792 2556 883 2610 decern
899 2553 1055 2626 tragoediae
1076 2562 1131 2609 tra·

182 2634 398 2709 goediarnmque
420 2634 570 2709 fragmenta
587 2638 747 2712 priusquam
764 2638 998 2701 describerentur,
1022 2639 1132 2694 ebartae

92 2778 96 2788 ,
181 2720 300 2793 plurium
329 2737 521 2795 possessorum
548 2720 674 2778 manibus
704 2725 857 2779 conmissae
883 2723 975 2778 uarias
1004 2731 1132 2796 expertae

182 2812 245 2861 sunt
267 2805 351 2861 uices.
388 2804 509 2873 Quorum
527 2807 624 2862 studiis
640 2810 756 2881 poeticis
772 2816 799 2864 et
815 2808 998 2883 grammaticis
1015 2824 1074 2862 cum
1091 2810 1132 2862 in·

181 2892 332 2952 semirent‚
354 2906 408 2945 nou
425 2892 522 2945 rnirnm
540 2892 612 2964 quod
635 2900 662 2947 et
677 2892 755 2948 locos
771 2894 829 2948 siue
852 2908 883 2946 ex
904 2891 1019 2946 aliorum
1035 2899 1129 2963 poeta-

181 2992 240 3029 mm
261 2974 341 3029 libris
357 2976 416 3030 sine
440 2990 471 3030 ex
499 2975 567 3049 ipsis
589 2978 739 3049 tragoediis
763 2977 886 3032 sublatos
908 2982 935 3030 et
956 2975 1024 3030 uarii
1048 2991 1132 3048 gene·

181 3061 218 3114 ris
245 3062 491 3133 interpretamenta
514 3076 737 3135 nonnumquam
763 3071 850 3117 metro
877 3068 1008 3133 concepta
1031 3076 1131 3118 uersus

181 3142 298 3217 denique
318 3144 351 3199 ad
374 3145 495 3200 auctoris
522 3146 673 3219 exemplum
695 3146 828 3202 formatos
850 3144 949 3218 quibus
971 3145 1132 3202 dilataretur

182 3229 283 3291 oratio.
311 3228 344 3284 ad
364 3228 515 3301 marginem
539 3230 702 3286 adlinebant.
749 3232 788 3286 tle
808 3231 888 3304 primi
917 3230 1023 3303 'quidem
1046 3247 1131 3304 gene-

181 3312 219 3368 ris
240 3313 488 3371 additamentorum
504 3322 536 3369 ut
557 3316 678 3389 exempla
695 3316 801 3389 aliquot
817 3315 997 3377 subiciamus,
1019 3315 1051 3370 ad
1066 3314 1133 3371 Pu·

181 3396 321 3453 blilium
348 3399 470 3471 Syrum
500 3398 661 3456 referendos
690 3408 733 3455 est
760 3399 861 3457 11332
890 3399 937 3455 ubi
966 3400 1000 3455 ci.
1028 3407 1130 3465 notam,

246 3526 272 3593 *)
285 3530 327 3579 Ex
339 3530 394 3579 hac
407 3528 503 3581 fabula
513 3530 631 3595 plurima
643 3531 820 3595 desumpsere
832 3530 1036 3581 etOlandinnus
1049 3545 1131 3595 quem

182 3595 325 3648 Octauiam
340 3613 448 3663 quoqne
465 3602 530 3645 ante
544 3598 639 3648 oculos
651 3598 783 3649 habuisse
799 3600 962 3649 uerisimile
981 3603 1024 3649 est
1044 3600 1132 3663 etqui

182 3665 238 3714 eius
252 3666 379 3729 aequalis
393 3664 447 3713 init
460 3670 557 3715 auctor
570 3666 700 3715 carminis
714 3666 746 3715 cle
760 3665 888 3716 laudibus
901 3665 1038 3716 Herculis.
