2750 4250
222 1110 371 1160 IOCASTA.
402 1111 592 1160 ANTIGONE.
624 1109 811 1161 structus.
842 1111 1038 1163 romuleus,

525 1195 718 1245 eunochus

159 1325 173 1357 a
216 1313 279 1364 100.
301 1302 382 1363 Felix
397 1302 511 1381 Agaue:
534 1304 548 1365 i
551 1304 681 1364 acinus
696 1302 879 1364 horrendum
896 1322 986 1366 uranu

182 1405 228 1465 quo
241 1385 381 1448 fecerat
395 1389 523 1466 gestauit
537 1380 712 1466 ut'spoiium
728 1397 823 1466 capot

182 1479 287 1534 omento
302 1474 362 1532 noti
377 1473 496 1534 Maenas
511 1475 541 1534 in
557 1483 657 1552 partes
672 1472 741 1534 deti.
1135 1493 1187 1542 305

152 1553 171 1610 ι’
215 1558 312 1618 iecit
326 1557 469 1628 scelus,
486 1557 538 1618 sed
553 1559 661 1620 misera
677 1576 737 1619 non
754 1557 831 1620 uitro
847 1577 900 1620 suo
1006 1572 1050 1614 tot·
1065 1571 1184 1614 xxxxvl

181 1641 272 1702 sceieri
287 1643 465 1704 occucurrit.
492 1643 551 1704 hoc
566 1642 632 1704 leue
649 1650 692 1703 est
708 1643 787 1720 quod
803 1663 868 1705 sum
885 1662 1007 1716 nocens,
1101 1663 1117 1712 5

183 1726 231 1787 ieci
243 1735 390 1788 nocentes.
419 1728 477 1789 hoo
492 1746 611 1808 quoque
628 1729 797 1790 etiamnunc
813 1728 880 1790 leue
896 1737 949 1800 est,

185 1813 274 1891 peperi
287 1819 437 1874 nocentes,

162 1902 178 1951 b
478 1897 569 1958 lieret
582 1899 734 1959 aerumnis
748 1900 831 1966 meis,

186 1992 213 2041 ut
225 1989 250 2042 et
262 1983 374 2044 hostem
391 2001 532 2044 amarem.
557 1982 664 2044 bruma
679 1992 725 2044 ter
739 1985 838 2062 posuit
852 1984 936 2046 niues
1136 2005 1189 2054 370

186 2075 210 2127 et
220 2069 298 2129 tertio
313 2070 372 2155 iam
388 2066 463 2131 inice
479 2066 620 2129 decubuit
635 2066 734 2140 Ceres,

184 2161 211 2212 ut
223 2153 285 2215 exul
300 2162 380 2215 errat
395 2162 503 2233 gnatus
518 2160 548 2213 et
561 2156 659 2231 patria
674 2160 757 2215 caret
1103 2174 1135 2224 10

183 2238 372 2319 profugusque
387 2256 493 2317 regum
509 2237 614 2299 auxilio
631 2240 782 2316 graiorum
799 2246 893 2317 rogat.

158 2342 169 2375 c
217 2324 307 2384 Gener
323 2331 369 2384 est
383 2324 500 2385 Adrasti
516 2323 601 2385 ouius
615 2324 741 2401 imperio
757 2342 840 2384 more
995 2330 1000 2335 '

179 2408 245 2483 quod
260 2409 349 2486 cingit
363 2408 492 2469 Isthmos
507 2409 631 2486 regitur,
648 2409 697 2469 hic
713 2415 816 2485 gentes
831 2427 899 2470 suas
1134 2429 1187 2478 375

180 2499 337 2573 septemque
352 2511 455 2555 secum
469 2510 562 2570 regno
579 2493 615 2553 ad
632 2491 774 2554 auxilium
789 2493 879 2554 trahit

179 2594 286 2653 genero.
312 2578 383 2657 quid
400 2586 499 2658 optem
516 2578 627 2657 quidue
642 2578 811 2647 decernam,
830 2578 902 2641 haut
916 2580 987 2640 scio.
1104 2599 1136 2649 15

149 2657 168 2715 b'
213 2663 341 2741 Regnum
357 2664 500 2742 reposcit.
527 2681 616 2725 causa
631 2665 793 2743 repetentis
808 2662 885 2724 bono
902 2673 955 2735 est,

179 2745 243 2807 noio
258 2750 300 2808 sio
314 2749 453 2825 petentis,
482 2754 552 2809 uota
567 2768 643 2828 quae
658 2749 763 2809 sociam
780 2750 908 2827 parens?

179 2835 314 2910 utrimque
328 2840 431 2893 notum
448 2833 550 2895 uideo:
569 2832 609 2893 nil
624 2851 745 2913 possum
762 2834 809 2912 pie
1132 2852 1187 2901 380

238 3003 267 3052 Io
283 3004 413 3054 codicibus
430 3004 628 3053 Phoenissam
650 3005 785 3068 relliquiae
802 3003 942 3053 cohaerent
963 3019 1017 3053 cum
1036 3002 1083 3054 Oc·

180 3069 225 3184 {iipi
241 3071 393 3189 &offlam
434 3070 603 3122 continuatur
628 3086 726 3121 eccene
747 3071 773 3120 ιἰι
796 3070 836 3133 Α,
872 3086 961 3121 nouam
989 3074 1084 3123 consti-

189 3145 239 3186 mort
353 3176 360 3189 .

236 3290 391 3343 IOCASTA
406 3315 413 3330 ·
427 3289 614 3342 structus
625 3315 632 3328 ·
644 3290 842 3341 POLINIGES
854 3314 861 3329 ·
873 3288 1085 3342 EThEOCLES

182 3356 202 3404 Ε
225 3358 341 3411 locaste.
360 3360 509 3423 Antigone.
529 3358 654 3408 Nunnius
677 3358 701 3408 R
729 3355 741 3423 l}
770 3361 786 3407 2
810 3363 838 3409 et
856 3374 897 3424 sp.
918 3360 981 3409 tulit
999 3376 1020 3411 ω
1049 3365 1086 3409 ut

182 3430 449 3491 spceputscrt'pei.
472 3427 513 3489 Gf.
535 3424 748 3490 Oed.fr.u.18
782 3422 793 3492 ΙΙ
826 3426 939 3477 4nltra
957 3444 979 3478 ω
1008 3426 1085 3477 ultro

181 3494 206 3545 ci.
222 3494 292 3545 uuo.
323 3492 336 3561 H
370 3510 448 3545 suum
467 3495 492 3544 A
521 3509 572 3545 suo
590 3493 616 3542 E
648 3491 660 3559 ss
695 3497 710 3544 5
733 3494 824 3544 scelus
842 3494 895 3546 hoc
919 3496 1041 3544 cucurrit
1058 3496 1084 3545 A

182 3559 267 3610 sceleri
284 3564 406 3613 occurrit
423 3564 449 3612 E
471 3578 541 3614 corr.
561 3562 638 3611 NHs.
667 3558 680 3628 Ι]
714 3563 745 3612 15
769 3564 865 3627 generi
882 3563 908 3612 A
938 3577 1040 3627 genero
1060 3563 1085 3611 Ε

184 3628 276 3679 tter.
307 3627 320 3696 ΙΙ
349 3632 382 3681 18
398 3635 544 3694 utrumque
563 3647 585 3679 ω
603 3646 673 3680 corr.
692 3627 767 3696 Βο.Η
