2750 4250
527 349 691 401 TROADES

122 492 145 551 ‹t'
192 495 256 556 lloe
271 494 326 555 luit
340 491 392 554 illo
406 493 521 553 uictore
536 494 611 570 eapi.

153 581 253 642 discite
268 579 355 640 mites
369 575 545 638 Herculis
561 578 647 637 iras.

154 684 188 726 au
203 669 265 726 sola
280 662 400 744 placent
413 661 588 722 llereulis
604 662 706 722 armai

123 747 146 807 t'
192 751 273 810 lacet
288 747 483 826 antepedes
498 764 557 807 non
573 748 670 807 minor
686 745 737 807 illo

153 834 324 914 supplice
339 831 463 912 supplex
479 833 632 911 uitamque
647 834 729 910 petit.
818 879 831 908 ,

153 939 276 999 regnum
291 919 411 987 Troiae,
865 915 874 932 ⁸

153 1021 382 1085 quocumque
398 1001 478 1063 uolet
493 1002 644 1063 fortuna
659 1003 744 1062 leuat.

123 1198 140 1231 a
190 1189 248 1234 vn.
272 1174 374 1234 Matris
388 1172 507 1252 quidem
522 1189 571 1233 me
585 1189 706 1233 maeror
721 1173 859 1232 attonitae
874 1181 992 1244 mouet,

152 1262 242 1339 magis
257 1259 395 1337 pelasgae
409 1275 458 1318 me
470 1264 570 1318 tamen
586 1264 696 1317 matres
711 1265 847 1326 mouent,

151 1363 276 1424 quarum
291 1344 347 1404 iste
362 1358 485 1420 magnos
499 1343 606 1402 erescit
621 1343 650 1401 in
665 1341 763 1402 luctus
778 1359 865 1420 puer.

153 1444 257 1490 nunu.
281 1429 334 1489 has
349 1427 402 1489 lias
417 1429 519 1488 ruinas
533 1426 617 1488 urbis
632 1428 662 1487 in
677 1428 809 1487 cinerem
825 1426 909 1487 datas

153 1515 197 1574 hie
213 1513 370 1576 excitabit?
392 1512 448 1573 hae
464 1529 570 1573 manus
584 1512 732 1572 l'eoiam
749 1512 885 1589 erigenti

156 1599 248 1661 nullas
263 1599 353 1659 habet
367 1616 436 1676 spes
450 1596 556 1668 Troia,
573 1597 597 1657 si
612 1595 686 1659 tales
703 1595 803 1656 habet.

156 1703 211 1745 non
227 1679 416 1744 sie‘iacentus
431 1681 540 1750 Troes,
557 1688 589 1743 ut
601 1678 741 1760 ¹cuiquam
759 1690 857 1742 metus

156 1771 299 1848 possimus
316 1785 390 1828 esse.
409 1802 447 1812 —

127 1852 150 1913 α’
185 1865 194 1873 ·
511 1852 638 1929 Spiritus
653 1853 770 1929 genitor
786 1852 855 1912 lacit
871 1885 912 1896 -

156 1941 204 2001 sed
219 1956 325 2017 nempe
339 1937 462 1998 lraotus.
491 1938 556 2014 ipse
570 1942 639 2016 poet
652 1936 799 1997 Troiani
816 1945 902 2014 pater

156 2027 298 2103 posuisset
313 2025 441 2093 animos,
458 2037 565 2098 magua
581 2037 656 2099 quoa
670 2023 813 2099 frangunt
828 2019 915 2082 mala.
1092 2031 1144 2083 755

156 2111 179 2171 si
194 2128 288 2189 poena
302 2109 426 2188 petitur,
443 2126 519 2187 quae
533 2109 595 2186 peti
609 2109 730 2184 grauior
745 2109 864 2187 potest?

159 2194 296 2255 famulare
311 2193 388 2254 eollo
404 2192 497 2253 nobili
510 2192 615 2253 subeat
630 2194 746 2271 iugum,

158 2282 266 2341 seruire
280 2279 374 2340 liceat.
406 2278 511 2357 aliquis
526 2278 583 2337 hoe
598 2278 662 2355 regi
677 2278 783 2354 negati

159 2380 211 2425 un.
232 2382 289 2425 non
306 2364 364 2424 hoe
378 2363 491 2434 VlixoS,
508 2363 560 2423 sed
576 2371 665 2439 negat
678 2362 802 2424 Calchas
817 2362 879 2423 tibi.

131 2456 146 2505 t
201 2464 302 2510 annu.
327 2450 351 2511 0
367 2448 551 2509 machinator
566 2448 679 2508 fraudis
694 2456 723 2508 et
737 2447 884 2509 scelerum
900 2448 1007 2509 artilex

162 2535 299 2595 uirtute
316 2535 401 2595 euius
414 2532 521 2593 bellica
536 2549 624 2592 nemo
640 2532 758 2603 oceidit,

162 2619 232 2681 dolis
247 2628 275 2681 et
289 2627 353 2680 astu
370 2617 521 2679 maleficae
536 2618 644 2678 mentis
658 2619 756 2679 iacent

163 2706 245 2765 etiam
259 2704 389 2783 Pelasgi,
406 2712 505 2765 uatem
522 2711 552 2763 et
566 2704 698 2763 insontes
715 2703 787 2763 deos

165 2790 342 2867 praetendis?
365 2789 424 2849 hoo
440 2796 486 2848 est
499 2790 630 2866 pectoris
646 2788 759 2849 lacinus
775 2788 836 2848 tui?

137 2870 159 2927 b'
206 2874 351 2936 Noctuine
366 2874 450 2935 miles
465 2874 550 2933 tortis
564 2875 595 2932 in
610 2875 696 2951 pueri
712 2891 815 2935 neeeru

167 2960 217 3019 iam
231 2960 309 3021 solus
325 2958 417 3020 audes
433 2957 545 3034 aliquid
562 2965 591 3018 et
607 2957 687 3019 elato
704 2958 760 3018 die.

168 3057 215 3105 vn.
237 3046 360 3106 uirtus
375 3043 466 3105 Vlixis
482 3043 618 3104 Danaidis
634 3050 704 3104 nota
722 3052 766 3105 est
780 3044 850 3103 satis

173 3246 363 3257 5——

228 3383 383 3434 VLYSSES
398 3408 405 3423 ·
420 3380 676 3433 ANDROMAOHA
692 3407 698 3420 ·
713 3380 905 3433 asnYANux
930 3384 955 3433 A
983 3400 1030 3434 om.
1054 3382 1081 3432 E
1148 3405 1151 3407 ·

175 3448 478 3519 denuntiantem.
498 3453 522 3500 A
539 3447 552 3517 [Ι
569 3453 618 3501 749
636 3451 697 3501 Hes
714 3450 766 3500 lias
784 3450 808 3499 E
826 3451 869 3500 An
887 3450 938 3500 has
957 3452 981 3500 A
1000 3447 1012 3515 ΙΙ
1030 3451 1081 3501 754

176 3516 265 3569 inactus
276 3520 302 3569 E
321 3525 428 3570 tractus
442 3521 466 3568 A
479 3515 492 3586 ΙΙ
503 3520 552 3570 757
565 3519 666 3569 subdat
678 3518 703 3567 Ε
722 3518 822 3568 subeat
835 3520 859 3567 A
872 3514 884 3585 Η
897 3520 946 3570 760
959 3524 987 3568 et
999 3534 1038 3569 sc.
1052 3518 1078 3567 Ε

175 3598 234 3640 ose.
253 3590 277 3638 A
299 3585 311 3654 ΙΙ
334 3589 384 3648 'tud
402 3604 417 3637 e
437 3588 512 3637 elato
530 3587 556 3636 Ε
574 3592 602 3637 el
620 3587 654 3636 el.
673 3589 698 3637 A
723 3584 734 3654 Ι]
758 3587 807 3637 767
825 3586 925 3637 danais
943 3590 1009 3637 nota
1028 3585 1078 3651 Εψ

176 3658 230 3703 nota
244 3656 350 3707 Danais
369 3672 389 3705 α
405 3655 544 3706 Danaidis
561 3658 597 3720 p?
615 3656 773 3706 Heinsianns
789 3660 871 3706 mador
888 3672 920 3706 ao.
936 3670 980 3719 pr.
1004 3651 1016 3719 11

217 3754 333 3791 enuncia
352 3755 436 3791 unio.
839 3738 877 3800 17
