2750 4250
293 277 359 342 294
575 293 607 340 1..
622 293 757 342 iuueni
773 293 934 342 sennenn

293 441 445 512 praestare
460 435 573 494 meritis
586 434 737 510 coniugis:
760 433 820 495 leto
834 436 890 496 tuit

293 527 384 597 caput
398 518 611 588 obterendum,
626 520 652 577 si
667 521 746 578 mori
760 519 886 580 nollem:
909 520 966 580 fide

292 605 403 666 misero
417 605 589 664 carendum.
621 621 683 664 non
699 606 788 665 timor
803 606 877 666 uicit
889 604 979 666 fidem

292 689 345 750 set
361 689 476 768 trepida
491 690 599 769 pietas:
624 690 735 767 quippe
750 697 926 769 sequeretur
941 708 1018 751 nece

291 771 393 852 protes
406 783 572 853 parentem,

613 858 780 920 Osancte
792 861 821 920 'si
836 859 950 921 caetum
968 858 1071 921 incolis

290 945 403 1005 lustitia
418 961 529 1005 numen
545 946 654 1005 inneco
667 963 704 1006 ac
719 951 813 1006 testor
827 954 926 1013 tuum,

292 1031 373 1108 gnati
388 1039 503 1107 patrem
520 1031 631 1090 uicere.
662 1031 733 1109 quin
752 1031 846 1107 ipsam
863 1048 982 1110 quoque

291 1115 347 1174 etsi
361 1113 445 1174 ferox
460 1123 506 1174 est
520 1115 611 1175 corde
627 1133 683 1174 nec
698 1116 813 1192 petiens
828 1117 890 1192 iugi

291 1198 449 1260 consulere
466 1202 542 1259 natis
556 1198 644 1260 malle
659 1219 749 1279 quam
765 1199 900 1260 thalamis
915 1218 995 1261 reor.

291 1286 444 1345 constituit
457 1285 573 1346 animus
589 1285 729 1362 precibus
744 1286 850 1346 iratam
866 1286 996 1363 aggredi.

292 1377 380 1447 atque
395 1388 465 1430 ecce
479 1371 545 1429 uiso
560 1377 670 1430 memet
685 1369 787 1430 enituit
802 1371 889 1430 furit:

292 1456 352 1514 tert
366 1454 433 1514 odia
448 1473 568 1533 praese
583 1461 664 1516 totus
678 1457 709 1514 in
726 1454 810 1516 uultu
827 1463 872 1514 est
887 1454 996 1515 (ἰοΙοιΡ.Ξ
1231 1511 1232 1521 ,

259 1545 291 1595 b⁰
338 1553 423 1599 nnn.
447 1540 589 1617 Fugimus
602 1539 690 1600 lason
706 1539 843 1616 fugimus.
874 1540 932 1600 hoc
948 1559 1007 1601 non
1026 1548 1069 1602 est
1083 1557 1175 1601 nouum
1198 1543 1224 1590 ttt

292 1633 408 1686 mutare
423 1625 523 1692 sedes,
541 1643 628 1686 causa
645 1624 775 1703 fugiendi
791 1644 870 1685 noua
886 1633 944 1686 est:

291 1716 392 1787 prote
408 1709 540 1771 solebam
557 1711 670 1788 ingere.
701 1709 822 1771 discedo
838 1729 912 1771 exeo

292 1794 448 1872 penatibus
463 1796 625 1874 profugere
639 1814 727 1873 quam
743 1797 825 1873 cogis
842 1797 909 1856 tuis.

258 1903 276 1934 a
335 1879 386 1939 Ad
402 1898 496 1958 quos
510 1881 695 1941 remittis?
718 1881 826 1940 Phasin
841 1888 870 1940 et
886 1880 1013 1942 Colchos
1029 1888 1121 1961 petam

293 1966 481 2042 patriumque
496 1981 623 2042 regnum
639 1983 773 2044 quaeque
789 1968 938 2027 fraternus
954 1985 1044 2027 cruor
1199 1963 1226 2014 45⁶

292 2049 424 2128 putente
439 2050 530 2110 arua?
553 2068 627 2131 quas
641 2053 702 2129 peti
717 2059 814 2111 terras
828 2050 933 2112 iubes?

293 2152 368 2213 quae
383 2139 477 2197 maria
491 2138 659 2197 monstras?
682 2138 796 2215 pontici
811 2139 912 2198 fauces
927 2137 995 2197 treti

293 2238 347 2299 per
363 2239 436 2300 quas
451 2224 554 2282 reneri
571 2221 701 2282 nobilem
718 2240 821 2300 regum
838 2240 958 2283 menum

293 2304 459 2366 adulterum
475 2305 575 2368 secuta
591 2327 645 2386 per
661 2306 891 2387 Symplegadas?
1231 2384 1232 2387 Ἴ

293 2410 456 2469 paruamne
471 2392 573 2452 lolcon
589 2391 715 2452 thessala
731 2410 768 2451 an
784 2392 896 2471 Tempe
911 2394 1030 2472 petam?
1202 2388 1220 2436 t*

294 2494 496 2555 quascumque
512 2479 613 2557 aperui
629 2477 682 2537 tibi
698 2480 760 2538 uias
776 2476 867 2538 ctausi
883 2478 964 2537 mihi.

259 2560 285 2619 ε’
338 2562 414 2632 Quo
431 2581 485 2622 me
499 2564 684 2623 remittis?
708 2562 776 2623 exnl
792 2562 910 2631 exilurm
926 2564 1056 2641 imperas

293 2665 349 2707 nec
364 2647 425 2708 das,
457 2657 550 2708 eatur.
580 2649 680 2724 regins
695 2650 779 2708 iussit
794 2666 903 2725 gener:

294 2731 367 2791 nihil
384 2751 499 2793 recuso.
531 2732 595 2792 dira
610 2732 755 2810 supplicia
771 2735 889 2809 ingere:

294 2819 399 2878 merui.
432 2820 563 2878 cruentis
579 2816 722 2895 paelicem
738 2819 842 2896 poenis
857 2825 974 2897 premat

295 2903 404 2980 regalis
419 2905 463 2963 ira
479 2901 604 2964 uinculis
620 2910 725 2963 oneret
741 2922 846 2965 manns

294 2987 485 3067 clausamque
501 3006 571 3048 saxo
587 2989 681 3047 noctis
697 2995 835 3049 aeternae
852 2987 975 3048 obruat:

362 3195 414 3243 439
436 3195 521 3243 nolim
543 3195 568 3243 A
598 3192 698 3241 nollem
722 3192 747 3241 Ε
776 3189 787 3258 ΙΙ
815 3194 866 3243 440
885 3192 1034 3242 carendum
1053 3196 1095 3241 est
1112 3188 1134 3239 A
1161 3186 1192 3233 ³⁸²

295 3276 342 3310 om.
351 3260 377 3309 E
388 3257 400 3327 Η
412 3261 500 3311 uincit
512 3264 601 3311 uirum
614 3261 638 3309 A
657 3261 727 3310 uicit
740 3260 772 3324 (t.
787 3260 844 3327 Gr.)
863 3258 943 3310 fidem
956 3260 980 3309 E
991 3256 1003 3325 Η
1015 3262 1064 3309 441
1077 3250 1190 3308 necemA

295 3330 360 3377 neci
371 3328 398 3377 Ε
415 3344 487 3379 nece
502 3332 579 3380 Gron.
591 3325 603 3392 H
615 3331 665 3377 442
684 3334 830 3393 parentum
843 3345 864 3379 oo
882 3334 1036 3391 parentem
1050 3328 1123 3378 Grec.
1134 3319 1144 3389 ΙΙ
1153 3318 1191 3395 456,

296 3395 465 3457 Quintilianus
481 3398 534 3447 IX.
548 3402 573 3449 2.
587 3400 619 3447 8:
637 3401 685 3446 ‘ut
697 3396 796 3446 Medea
817 3397 890 3461 apud
909 3397 1058 3447 Senecam:
1075 3407 1138 3459 ques
1147 3392 1191 3454 pail

294 3469 384 3515 terres
398 3466 512 3517 iubes?’
528 3463 540 3533 Η
556 3466 606 3515 458
621 3465 729 3515 nobiles
742 3482 764 3515 r.
778 3480 875 3515 manus
888 3466 912 3514 A
931 3465 1053 3515 nobilem
1069 3480 1089 3512 r.
1101 3468 1191 3511 menum

295 3533 320 3581 Ε
332 3530 344 3602 ΙΙ
358 3536 410 3586 459
423 3534 577 3585 adulterum
591 3533 617 3582 Ε
632 3529 644 3599 Η
659 3534 710 3583 460
723 3533 840 3583 colchon
852 3541 875 3597 ψ
895 3534 993 3584 colcon
1005 3533 1053 3583 ΕΗ
1064 3531 1148 3582 iolcon
1159 3539 1173 3573 o
1185 3516 1192 3583 tt

295 3610 361 3655 ante
374 3608 521 3669 puepetam
535 3603 559 3652 Ε
573 3617 609 3649 an
622 3606 712 3665 tempe
725 3605 819 3666 potem
834 3605 855 3651 A
869 3598 881 3669 [l
897 3605 947 3653 462
960 3602 1034 3653 exuli
1047 3602 1071 3651 A
1086 3590 1171 3649 exnlE
1182 3586 1190 3651 tt
