2750 4250
270 309 331 357 XVI
642 305 841 352 PRAEFATIO

270 468 343 524 hitur
365 483 429 522 sane
447 464 519 540 quod
536 463 660 520 librarius
681 466 734 520 iste
749 463 826 521 nullo
841 465 902 520 loco
919 463 992 538 quod
1010 473 1192 539 corruptum
1213 468 1240 522 in

271 552 419 624 archetypo
431 549 573 622 legebatur
588 551 614 604 id
629 551 720 624 ipsum
731 548 848 605 reddidit
861 549 908 606 aad
924 549 1016 623 aliquo
1031 550 1126 606 modo
1146 568 1240 607 emen·

271 633 1240 708 datumuelpotiusademendataelectionisspeciemre·

271 721 348 776 dact
359 737 418 775 um.
446 719 518 787 Quae
534 719 641 793 quidem
657 735 701 774 res
718 720 757 775 eis
769 719 943 792 potissimum
958 719 1030 774 locis
1048 721 1239 794 perspicitur,

244 804 317 860 vubi
345 806 371 859 in
394 803 509 860 Etrusco
532 803 602 859 libro
626 803 756 860 mendosa
782 807 918 878 scriptura
940 811 1055 860 seruata
1089 812 1146 861 est.
1196 805 1239 860 Sic

271 892 363 960 Agam.
381 887 441 945 282
458 887 503 944 ubi
520 887 547 942 in
562 888 592 942 E
605 887 707 960 legitur
728 889 774 944 ‘et
789 886 981 946 eurotantum'
1002 890 1154 945 uitiosum
1170 889 1238 945 illud

273 971 382 1047 quidem
404 972 451 1028 sed
473 988 539 1028 uero
560 973 727 1046 proximum,
757 973 902 1046 legendum
926 975 997 1029 enim
1024 974 1078 1028 ‘et
1101 973 1237 1032 Eurotam

273 1057 376 1118 tuum’,
397 1057 422 1110 A
445 1056 630 1112 infelicissime
647 1057 737 1113 locum
759 1057 911 1114 uindicasse
927 1057 979 1114 sihi
995 1059 1079 1114 uisus
1105 1069 1154 1116 est
1170 1059 1236 1116 scri·

271 1140 360 1197 hendo
384 1137 430 1196 ‘et
451 1158 465 1196 a
490 1149 566 1197 tanto
589 1141 677 1197 uiro'.
709 1141 774 1197 lled.
792 1141 851 1199 931
868 1143 909 1196 E:
933 1140 1086 1199 ‘ultimum
1110 1161 1234 1217 agnosco

271 1225 360 1280 scelus
377 1227 467 1282 animo
484 1226 634 1298 parandum
650 1227 709 1282 est’
727 1227 800 1300 quod
816 1243 869 1284 una
883 1225 992 1306 literula
1004 1236 1121 1285 mutata
1138 1229 1175 1284 ad
1190 1228 1235 1283 ho·

271 1326 331 1365 nam
345 1313 506 1366 sententiam
521 1313 648 1368 reuocari
659 1329 742 1385 posse
754 1311 909 1368 Gronouius
923 1311 1045 1368 ostendit
1064 1312 1231 1384 (ultimum.
1298 1310 1300 1337 ³

272 1411 405 1468 agnosco,
423 1395 511 1453 scelus
527 1395 621 1452 anime
636 1395 746 1471 par.’),
769 1398 794 1453 A
809 1397 895 1453 multo
912 1405 939 1452 et
954 1395 1116 1454 uiolentius
1135 1406 1166 1454 et
1181 1398 1234 1453 lan·

271 1479 379 1552 gnidius
394 1477 537 1537 ‘ultimum
558 1497 680 1555 magno
703 1481 795 1538 scelus
815 1482 904 1537 animo
920 1499 946 1555 p.
964 1481 1012 1554 e.’)
1049 1483 1073 1538 P
1091 1482 1113 1538 4
1136 1496 1234 1538 saxosa

270 1562 330 1620 loca
353 1566 486 1639 parnetho
502 1567 531 1620 E
552 1565 580 1640 (i.
596 1583 620 1622 e.
638 1583 736 1622 saxoso
757 1565 818 1623 loca
833 1565 970 1638 Parnethi)
992 1583 1057 1622 saxa
1081 1566 1150 1624 solo
1175 1583 1234 1623 car-

269 1659 369 1724 paneto
385 1652 411 1707 A
441 1651 494 1707 ihd.
512 1650 553 1709 30
568 1651 631 1707 duis
647 1649 676 1722 (i.
693 1669 717 1708 e.
733 1649 861 1725 Phlyeus)
878 1653 907 1707 Ε
925 1650 1038 1725 philipis
1058 1653 1088 1708 A
1116 1651 1176 1708 Pir.
1195 1650 1233 1706 26

271 1734 346 1790 salua
366 1733 395 1806 (i.
418 1753 441 1792 c.
464 1734 567 1806 saeua)
588 1736 618 1791 E
645 1738 741 1792 totaA
767 1735 864 1792 P145
880 1737 909 1791 Ε
927 1735 1022 1793 hahet:
1045 1736 1142 1793 ‘non
1165 1738 1234 1793 ista

269 1821 387 1892 primum
403 1820 490 1875 uelle’
513 1819 677 1892 (correctum
699 1821 732 1877 ah
754 1821 784 1876 N.
810 1821 935 1877 Heinsio:
958 1821 1077 1876 honesta
1097 1839 1127 1896 p.
1146 1820 1187 1891 u.)
1210 1819 1234 1872 A

272 1905 430 1976 temptauit:
454 1905 616 1962 ‘obstare
638 1924 679 1980 pr.
703 1903 742 1963 u.'
772 1905 868 1963 Pota
887 1907 914 1960 Ε
933 1905 1036 1977 ‘regna
1058 1908 1152 1962 tutari
1175 1921 1232 1960 ur·

269 1987 379 2044 bium'
396 1992 444 2046 ie.
462 1991 587 2056 uirum,
604 1991 628 2046 A
644 2009 659 2046 a
674 1993 801 2062 uestigiis
815 2007 895 2047 uerae
907 1989 1060 2064 scripturae
1073 1990 1231 2063 recedens:

271 2091 292 2129 r.
311 2081 328 2129 t.
345 2077 468 2149 patris.
499 2074 554 2132 Olr.
571 2074 610 2131 22
627 2095 648 2133 s.
666 2076 723 2133 ‘uel
739 2093 792 2151 qua
807 2075 860 2132 alta
877 2074 961 2132 maria
977 2075 1083 2131 uertice
1099 2077 1230 2131 inmenso
1298 2088 1299 2091 ¹

270 2161 371 2233 premit
386 2163 476 2217 minor
491 2163 591 2235 rupes'
608 2163 637 2217 E
658 2164 675 2217 i.
690 2178 714 2219 e.
731 2162 841 2217 minora
857 2170 887 2217 ut
903 2161 971 2216 uidit
986 2160 1120 2217 Bothius..
1149 2162 1176 2215 A
1194 2165 1230 2213 ta·

271 2261 332 2301 men
348 2247 449 2302 maiora
465 2263 547 2302 ausus
564 2248 671 2320 posuit:
695 2247 828 2319 lnoque
844 2261 1023 2319 praeceps.
1298 2251 1300 2254 ’

334 2330 473 2387 decedunt
496 2331 549 2387 alia
570 2340 690 2388 mutatae
711 2331 839 2387 lectionis
861 2329 982 2403 exempla
1002 2330 1041 2385 ita
1062 2335 1228 2403 conparata,
1297 2333 1300 2366 ³

271 2425 302 2471 ut
317 2417 342 2471 A
357 2417 525 2473 recensionis
541 2425 652 2478 auctor,
676 2433 757 2489 quem
774 2416 852 2474 facile
873 2414 1058 2487 intellegimus
1083 2414 1228 2469 hominem

271 2499 358 2557 luisse
373 2518 424 2558 nec
439 2517 551 2573 magnae
566 2501 706 2557 doctrinae
721 2518 772 2557 nec
787 2502 919 2558 acutioris
935 2500 1028 2573 ingeni
1045 2514 1103 2554 non
1120 2496 1227 2553 medio·
1295 2505 1300 2534 -ἑ

272 2586 325 2643 cris
348 2595 436 2641 tamen
458 2595 485 2640 et
505 2587 573 2642 mira
588 2602 645 2659 pro
662 2594 787 2659 tempore
808 2585 856 2641 illo
878 2580 1005 2646 audacia,
1029 2585 1172 2639 incertum
1189 2581 1225 2635 sit
1276 2590 1300 2622 Β

271 2680 362 2726 utrum
384 2672 546 2744 scripturam
569 2671 708 2745 archetypi
732 2673 881 2727 mutauerit
902 2685 932 2724 re
954 2685 1020 2724 uera
1042 2668 1224 2740 deprauatam
1298 2675 1300 2711 i

271 2773 304 2813 an
325 2756 512 2829 incorruptam
527 2772 577 2829 pro
594 2764 725 2829 corrupta
740 2753 843 2812 hahens
862 2785 897 2794 —
917 2754 976 2809 siue
998 2752 1103 2808 dicendi
1120 2761 1224 2825 genere
1298 2760 1300 2795 i

270 2841 298 2897 in
316 2841 464 2916 tragoediis
490 2840 638 2915 conspicuo
655 2834 752 2914 parurn
774 2839 914 2895 intellecto
932 2840 991 2894 siue
1013 2836 1087 2913 quod
1108 2841 1224 2892 senten-

272 2928 369 2984 tiarum
391 2927 512 2999 argutias
534 2942 589 2981 non
611 2933 754 2981 assecutus
775 2932 818 2981 est
837 2955 872 2964 —
891 2922 1084 2979 emendandam
1107 2932 1223 2977 censue·
1280 2911 1300 2980 ‘i

270 3014 314 3067 rit.
347 3011 431 3066 liuius
452 3012 560 3083 generis
578 3026 639 3066 cum
660 3009 712 3066 alia
727 3010 813 3065 multa
829 3018 895 3065 sunt
914 3019 971 3064 tum
993 3008 1089 3063 haece:
1114 3004 1164 3060 Th,
1181 2998 1221 3057 53
1289 3017 1300 3052 a

271 3095 345 3170 inple
360 3096 472 3151 Tantalo
491 3104 576 3152 totam
591 3095 701 3151 domum
716 3095 745 3149 E
767 3097 784 3149 i.
801 3094 937 3152 scelere
955 3088 1148 3148 tantaleam
1171 3085 1221 3140 do·
1288 3095 1300 3139 i

271 3182 385 3238 mumA
415 3180 468 3235 ihd.
486 3179 567 3238 1109
591 3178 808 3253 hauserisangit
828 3180 857 3234 E
885 3180 912 3235 h.
936 3176 1070 3251 tangitA
1099 3167 1220 3229 Ρ1187
1291 3210 1294 3214 «

271 3268 412 3339 animaque
433 3263 581 3323 Phaedram
608 3266 769 3340 pariterflac
790 3264 894 3321 scelere
917 3278 1011 3318 eruam
1037 3261 1066 3315 Ε
1107 3276 1130 3313 a.
1155 3270 1221 3311 rne-
1288 3269 1300 3308 a

271 3360 338 3407 met
359 3369 385 3425 p.
404 3369 426 3406 a.
443 3366 464 3404 s.
482 3366 505 3405 e.
521 3350 553 3405 A.
585 3349 640 3405 Olr.
658 3348 719 3406 233
741 3349 869 3423 quicquid
886 3348 951 3404 mihi
967 3346 1089 3402 donastis
1106 3339 1179 3399 oculi
1193 3336 1224 3391 E
1297 3359 1300 3412 3

270 3435 403 3509 negastis
432 3450 474 3490 oo.
495 3432 519 3487 A
548 3435 598 3506 hg.
621 3432 661 3491 84
685 3436 781 3490 nimias
797 3450 906 3508 semper
927 3434 1055 3489 comitata
1076 3430 1172 3485 domos
1193 3420 1223 3475 E

271 3520 421 3577 tumidas
444 3537 466 3575 s.
491 3535 514 3574 o.
537 3518 610 3574 ‹tA
640 3517 693 3575 ihd.
711 3519 771 3576 317
789 3519 895 3576 thehais
913 3516 1059 3591 hospesE
1088 3510 1221 3569 thebana
1292 3525 1300 3564 a

270 3623 387 3665 manus
408 3605 434 3663 A
464 3602 518 3660 ihd.
534 3602 595 3661 435
618 3604 701 3661 ellare
718 3619 802 3662 casus
818 3606 879 3679 quis
898 3611 971 3661 rates
988 3600 1081 3658 hausit
1100 3610 1173 3655 meas
1193 3588 1223 3646 Ε
1294 3614 1300 3650 r
