2750 4250
251 305 293 372 86
530 323 561 370 n.
579 321 713 371 ausser
729 321 887 370 senecae

254 462 371 524 ceruice
386 477 473 524 caesa
488 470 612 524 truncus
627 463 657 521 in
671 477 801 541 pronum
816 465 885 533 ruit,

255 545 414 626 querulum
430 548 563 609 cucurrit
578 564 733 609 murmure
749 549 863 609 incerto
879 556 976 628 caput.

251 644 355 694 cnon.
380 633 450 714 quid
466 632 575 694 deinde
590 633 707 711 gemina
721 633 812 694 caede
828 634 1003 712 perfunctus
1016 635 1108 698 tacitt
1193 654 1234 704 tto

250 735 385 797 puerone
399 719 513 797 parcit?
530 735 568 778 an
582 715 680 778 scelus
695 716 802 778 sceleri
817 719 943 796 ingerit?

222 821 236 872 f
293 816 399 864 nvnr.
430 802 509 864 Silua
524 802 642 864 iubatus
657 802 780 883 qualis
796 806 928 865 armenia
942 803 990 867 leo

251 887 281 948 in
297 888 388 950 caede
403 887 495 950 multa
510 888 608 949 uictor
623 897 761 950 armento
773 887 895 950 incubat

251 973 370 1052 (cruore
387 975 479 1034 rictus
494 972 628 1034 madidus
643 980 673 1034 et
687 972 771 1053 pulsa
788 973 866 1034 lame

250 1075 312 1118 non
327 1059 434 1137 ponit'
426 1076 500 1120 nas:
516 1057 587 1120 hinc
602 1066 632 1119 et
646 1058 716 1119 hinc
731 1065 834 1120 muros
848 1077 989 1137 premens

250 1140 351 1203 uitulis
366 1144 504 1213 minatur,
520 1137 638 1204 dente
630 1162 688 1204 ram
704 1141 782 1206 lasso
797 1145 909 1225 pigerj:

212 1218 237 1279 f'
292 1226 369 1288 Non
386 1226 499 1291 aliter
513 1230 619 1290 atreus
634 1231 729 1290 saeuit
743 1231 854 1308 atque
846 1244 891 1290 rra
906 1237 1001 1292 tumet

250 1313 424 1390 ferrumque
439 1315 556 1392 gemina
572 1312 662 1376 caede
674 1315 828 1392 pertusum
844 1322 957 1386 tenens,

251 1396 382 1458 oblitus
374 1416 404 1457 rn
420 1417 507 1477 quem
523 1399 652 1468 fureret,
668 1397 774 1460 inlesta
790 1417 880 1461 manu

252 1483 348 1561 exegit
361 1482 440 1545 ultra
455 1499 574 1563 corpus.
601 1491 630 1544 at
639 1486 729 1583 pueri
745 1485 843 1546 statim

231 1575 375 1664 pectore
389 1576 529 1647 receptus
544 1569 624 1628 ensis
638 1571 670 1628 in
685 1575 771 1648 tergo
787 1571 907 1630 exstitit.

213 1671 230 1720 g
293 1651 377 1715 Cadit
390 1652 441 1715 illc
455 1662 485 1714 et
499 1671 566 1715 aras
580 1655 725 1732 sangnine
741 1656 916 1732 extinguens
931 1671 985 1717 suo

252 1755 305 1816 per
320 1745 479 1818 utrumque
494 1737 603 1800 uulnus
618 1741 756 1800 moritur.

251 1835 354 1884 cnon.
788 1841 944 1886 osaenunr
960 1824 1067 1886 scelus.

251 1920 357 1968 nvnc.
381 1908 595 1969 exhorruistis?
616 1907 760 1972 hactenus
774 1910 799 1970 si
815 1909 979 1980 sinucius,

251 1993 319 2072 pius
334 2000 387 2053 est.

218 2095 233 2131 c
294 2088 398 2139 cnon.
442 2079 487 2140 An
502 2077 580 2141 ultra
594 2081 688 2142 maius
704 2085 755 2141 aut
769 2081 899 2143 atrocius

250 2170 356 2225 natura
371 2165 494 2244 recipit?

250 2260 354 2309 nunu.
535 2248 696 2311 sceleris
709 2248 790 2311 hunc
805 2251 893 2311 tinem
910 2253 1016 2330 putasi

251 2333 361 2413 gradus
377 2342 429 2396 est.

251 2431 356 2481 cnon.
467 2419 537 2498 quid
554 2418 631 2480 ultra
644 2421 758 2499 potuitt
780 2419 889 2481 obiecit
905 2418 976 2483 ieris

257 2502 394 2566 lanianda
409 2504 512 2566 forsan
530 2523 657 2584 corpora
671 2513 761 2583 atque
776 2506 843 2584 igne
859 2507 963 2566 arcuit.

227 2628 231 2639 ·
257 2601 361 2651 nvnr.
385 2591 495 2651 uti'nanr
512 2592 666 2651 arcuisset
696 2608 734 2651 ne
749 2597 829 2669 tegat
843 2592 961 2652 innotos
975 2590 1092 2663 humus,

254 2692 311 2737 nec
325 2673 444 2738 soluat
435 2677 526 2754 ignis,
544 2676 649 2737 auibus
665 2672 828 2753 epulandos
842 2674 911 2737 licet

151 2799 158 2812 ·
219 2760 388 2899 e'ferisque
402 2763 488 2821 triste
503 2758 644 2839 pabulum
661 2762 758 2821 saeuis
773 2761 880 2823 trahat.

285 2848 406 2909 Votum
423 2853 469 2907 est
482 2845 538 2907 sul>
554 2845 625 2915 hoc,
642 2846 721 2926 quod
738 2864 803 2908 esse
818 2836 995 2925 'supplicium
1010 2844 1099 2908 solet:

253 2939 339 3011 pater
354 2930 518 3010 insepultos
532 2938 655 3011 spectet
686 2950 704 2991 o
720 2929 802 2993 nullo
823 2930 948 2993 scelus

254 3016 421 3079 credibile
413 3035 442 3077 tn
458 3036 533 3080 aeuo
549 3016 688 3095 quodque
704 3019 862 3095 posteritas
877 3025 973 3097 neget.

253 3112 354 3181 erepta
371 3104 447 3162 uiuis
462 3110 528 3163 exta
543 3100 716 3182 pectoribus
729 3108 862 3164 tremunt

252 3188 428 3267 spirantque
443 3206 538 3249 uenae
553 3206 664 3268 corque
680 3187 778 3249 adhuc
792 3187 933 3268 pauidum
948 3186 1023 3249 salit.

322 3427 371 3477 aar
399 3424 504 3477 scelere
527 3426 552 3475 E
581 3427 684 3478 sceleri
702 3428 727 3478 A
767 3422 780 3493 ll
821 3429 870 3478 739
900 3429 1038 3490 rueretur
1068 3426 1178 3477 fureret

252 3494 299 3545 Ec
321 3489 334 3561 ΙΙ
362 3495 411 3545 741
430 3495 500 3545 exiit
518 3511 537 3545 α
559 3496 640 3546 stetit
657 3494 698 3545 nu
716 3495 810 3545 extitit
827 3502 866 3559 ψε
890 3490 901 3561 ll
930 3497 981 3546 744
998 3508 1053 3545 non
1071 3498 1131 3544 atat
1149 3496 1177 3545 A

252 3563 374 3614 stetitlt
401 3563 426 3614 si
444 3567 502 3613 stet
520 3562 546 3613 E
572 3560 585 3630 ll
613 3565 664 3615 tto
685 3562 747 3629 plus
767 3567 811 3614 est
828 3564 854 3612 A
885 3564 947 3629 pius
967 3567 1010 3613 ost
1027 3562 1053 3611 E
1082 3558 1095 3629 ll
1127 3564 1178 3614 750

252 3647 287 3683 ne
305 3632 331 3682 A
354 3646 408 3682 neo
425 3631 452 3683 Ε
474 3628 486 3699 ΙΙ
510 3634 559 3683 ‘tol
577 3632 673 3682 tradat
691 3630 716 3679 E
739 3627 751 3698 ΙΙ
