2750 4250
234 341 273 390 VI
488 383 490 386 ,
608 336 808 385 PRAEFATIO

237 500 292 558 Pir.
311 497 372 558 154
387 513 538 572 suspensae
552 497 582 553 E
601 497 735 555 sollicitae
751 498 776 551 A
804 496 823 551 P
840 495 901 554 283
924 496 1082 553 moderatur
1096 497 1126 552 E
1144 498 1185 554 ia·

238 585 345 642 culatur
359 584 385 640 A
401 584 499 658 quibus
515 582 646 642 accedunt
661 585 802 639 innumera
817 581 844 637 id
859 598 946 654 genus
961 581 1023 637 alia.

300 669 372 725 llaec
387 677 415 725 et
431 677 578 742 quaesunt
592 667 691 724 similia
702 666 815 741 adparet
829 668 867 723 ita
881 683 936 723 non
947 683 1031 741 posse
1045 666 1184 740 explicari,
1231 725 1233 727 ,

235 763 267 812 ut
282 753 368 811 altera
384 755 520 826 scriptura
535 771 566 811 ex
578 753 664 810 altera
680 760 727 809 aut
741 753 888 826 deprauata
904 760 951 808 aut
962 751 1056 807 librari
1072 750 1186 807 libidine

235 846 338 895 mutata
354 846 400 894 aut
416 838 612 913 interpretandi
625 855 721 916 caussa
736 836 873 910 adscripta
888 853 948 893 esse
960 837 1076 894 dicatur.
1099 836 1184 892 lmmo

235 926 282 980 uir
295 932 337 980 est
348 922 459 979 dubium
472 923 538 998 quin
549 931 667 998 utraque
677 923 794 997 quodam
806 921 888 978 modo
904 921 937 977 ab
952 923 1014 997 ipso
1026 929 1107 996 poeta
1119 936 1186 994 pro·

235 1009 306 1065 lecta
320 1009 365 1069 sit,
381 1007 459 1064 cuius
472 1002 652 1082 pugillaribus
668 1009 813 1082 utriusque
827 1008 935 1080 generis
950 1014 1091 1064 auctorem
1102 1022 1184 1062 usum

237 1108 297 1149 esse
312 1091 436 1148 diximus.
463 1090 537 1159 Quos
554 1093 663 1168 quidem
679 1091 820 1155 codicillos
835 1108 896 1148 cum
913 1099 994 1165 poeta
1010 1091 1106 1148 crebro
1122 1107 1186 1146 cor·

237 1178 363 1239 rexisset,
379 1176 532 1235 inducendo
544 1179 671 1234 nimirum
687 1173 915 1251 suprascribendo
932 1175 1014 1232 uerba
1029 1191 1185 1249 uersasque

237 1261 297 1319 sine
312 1262 482 1319 interlineas
498 1264 557 1320 siue
573 1263 604 1319 ad
616 1263 767 1336 marginem
783 1261 924 1318 adiciendo
940 1268 968 1317 et
983 1263 1020 1316 ita
1032 1260 1139 1334 quidem
1151 1267 1185 1314 ut

238 1347 302 1420 qnid
313 1347 368 1419 legi
385 1345 469 1403 uellet
483 1355 530 1403 aut
542 1366 597 1422 quo
615 1365 739 1422 quaeque
754 1350 925 1420 pertinerent
939 1344 1033 1401 multis
1043 1345 1112 1401 locis
1127 1360 1186 1399 non

236 1432 303 1488 satis
324 1440 451 1488 accurate
473 1432 638 1505 significaret
647 1431 686 1504 *):
716 1431 775 1488 lieri
796 1448 851 1488 non
873 1431 964 1504 potuit
985 1431 1050 1503 quin
1070 1429 1124 1485 dno
1144 1426 1186 1484 illi

236 1516 340 1573 librarii
366 1517 412 1591 qni
434 1516 544 1574 diuerso
561 1526 686 1591 tempore
702 1524 800 1590 poetae
820 1515 1004 1588 chirographo
1026 1513 1059 1570 ad
1080 1513 1186 1569 descri-

235 1600 354 1657 bendum
375 1608 519 1657 uterentur
535 1602 691 1658 dubitantes
707 1617 788 1675 saepe
805 1600 870 1673 quid
891 1601 935 1657 uel
952 1617 1006 1673 quo
1029 1597 1125 1655 ordine
1140 1599 1187 1653 de·

236 1686 389 1742 scriberent
405 1685 474 1742 alter
489 1687 542 1743 boc
557 1687 627 1742 alter
642 1684 709 1741 illud
726 1684 849 1758 eligeret,
867 1684 936 1741 alter
951 1683 1069 1740 alterum
1085 1700 1187 1756 seque·

235 1779 313 1826 retur
328 1787 458 1826 uersuum
475 1771 606 1834 ordinem,
623 1771 694 1827 haud
709 1787 772 1826 raro
789 1778 906 1843 uterque
918 1784 987 1842 quae
1001 1768 1058 1842 legi
1074 1769 1186 1824 omnino

236 1862 436 1928 nonpoterant
452 1855 592 1912 omitteret
603 1851 661 1927 **).
691 1852 759 1921 Quid
776 1855 860 1910 uero?
884 1870 937 1909 non
954 1853 1054 1909 desunt
1068 1851 1121 1909 loci
1140 1852 1187 1908 ubi

236 1946 383 2012 utramque
407 1940 548 2014 archetypi
574 1941 721 1997 lectionem
746 1938 876 1997 librarius
897 1938 1023 1994 uideatur
1043 1937 1187 2011 amplexus

237 2040 307 2080 esse.
340 2023 383 2080 Sic
399 2023 421 2079 H
438 2024 475 2081 19
493 2025 521 2079 in
536 2025 565 2080 E
578 2035 606 2083 et
621 2025 647 2080 A
662 2025 766 2098 legitur
786 2023 852 2080 ‘sed
871 2029 995 2079 uetera
1015 2039 1097 2078 sero
1119 2037 1188 2094 que·

236 2109 339 2164 rimur’
356 2108 403 2165 ubi
419 2116 466 2166 aut
482 2105 611 2169 ‘uetera'
629 2119 676 2168 aut
692 2107 802 2173 'sero'‚
823 2126 877 2165 non
899 2115 1047 2181 utrumque
1067 2106 1189 2163 admittit

235 2210 343 2251 uersus.
379 2194 461 2252 huius
477 2198 587 2269 generis
609 2196 688 2270 plura
710 2194 831 2268 exempla
847 2196 874 2249 in
891 2194 919 2248 Ε
939 2192 1084 2266 adparent,
1108 2191 1189 2247 uelut

238 2280 334 2335 haece:
358 2280 381 2334 H
398 2279 457 2337 688
474 2290 570 2337 errat
586 2280 655 2336 ludit
670 2281 695 2335 A
714 2280 785 2348 ludit
807 2278 860 2333 VA
878 2276 959 2334 1157
976 2294 1025 2333 cur
1040 2294 1079 2333 en
1095 2276 1124 2331 E
1137 2292 1189 2331 cur

237 2366 292 2437 Ap>
308 2364 364 2419 lilr.
377 2366 468 2438 recipe
484 2364 629 2421 admitte
644 2365 673 2420 E
693 2366 783 2438 recipe
795 2367 820 2419 A
835 2364 890 2419 Plr.
903 2362 942 2418 41
960 2363 1067 2418 concita
1081 2378 1189 2417 cursu

237 2448 355 2505 celerem
371 2449 485 2521 gradum
501 2445 531 2503 Ε
557 2466 634 2507 conc.
651 2449 765 2505 celerem
782 2465 823 2522 gr.
841 2449 866 2502 A
895 2446 964 2503 bled.
982 2446 1043 2503 769
1065 2446 1188 2503 nemoris

237 2535 344 2607 antiqui
360 2533 464 2590 decus
481 2534 578 2591 domus
594 2535 622 2589 Ε
644 2551 670 2590 n.
688 2552 710 2590 a.
729 2534 826 2590 domus
843 2534 876 2587 A.
906 2531 958 2587 Sed
973 2531 1057 2587 latius
1072 2531 1127 2587 boc
1140 2544 1189 2603 ge·

238 2635 289 2675 nus
310 2626 395 2692 patet.
430 2616 495 2673 Nam
517 2626 598 2693 poeta
621 2636 682 2675 cum
704 2619 870 2691 aliquotiens
891 2616 1003 2673 eandem
1024 2615 1189 2671 seutentiam

239 2702 342 2777 duplici
366 2703 448 2759 modo
472 2706 664 2776 expressisset,
696 2703 767 2759 baud
794 2719 856 2758 raro
884 2702 985 2758 iactum
1013 2708 1056 2756 est
1082 2708 1113 2755 ut
1140 2706 1190 2755 aut

237 2796 386 2861 utrumque
408 2787 490 2844 ambo
510 2788 712 2856 describerent,
739 2787 817 2843 uelut
832 2788 855 2842 H
870 2784 997 2844 50-54
1012 2806 1054 2833 =
1068 2783 1109 2841 46
1125 2800 1187 2857 sqq.

239 2872 386 2931 272-77
402 2894 444 2921 =
459 2869 614 2931 263-71.
645 2872 770 2931 677-8
788 2896 829 2922 =
846 2871 980 2928 670-1.
1011 2868 1191 2927 ’111122ε

241 2958 303 3015 120
319 2967 380 3021 etc,
397 2966 444 3015 aut
460 2957 575 3015 alterum
591 2958 675 3020 alter,
694 2956 809 3025 utlocis
826 2972 909 3029 snpra
925 2956 1014 3012 allatis
1030 2956 1053 3010 H
1069 2954 1109 3012 36
1126 2972 1187 3029 sqq.

241 3042 302 3100 627
320 3042 380 3099 675
397 3061 458 3117 sqq.
481 3043 629 3117 multisque
651 3041 719 3098 aliis.
756 3041 830 3110 Quae
845 3058 907 3097 cum
931 3041 1052 3102 basini,
1080 3039 1127 3094 nbi
1142 3047 1191 3095 aut

238 3126 350 3184 lacunas
371 3127 586 3199 significabimus
609 3135 656 3184 ant
684 3143 783 3183 uersus
805 3129 864 3182 siue
885 3124 1105 3199 transponendus
1129 3126 1190 3180 siue

241 3212 379 3268 eiciendos
403 3214 574 3275 censuimus,
601 3214 703 3268 nemini
723 3211 849 3285 prolecto
871 3226 901 3267 ea
923 3210 1078 3267 uidebimur
1099 3210 1191 3265 omnia

242 3326 447 3339 m

309 3376 332 3440 *)
357 3376 452 3427 Simile
477 3375 617 3440 exemplar
638 3376 773 3425 historiae
790 3376 927 3425 naturalis
945 3376 1067 3425 Plinium
1088 3374 1192 3424 scimus

240 3442 556 3510 reliquisseqinopinate
577 3448 665 3494 morte
685 3443 856 3507 prohibitum
876 3444 1020 3510 quominus
1036 3442 1115 3493 libris
1132 3444 1192 3492 suis

241 3515 368 3565 ultimam
390 3528 501 3562 manum
517 3513 670 3577 inponeret.
740 3506 780 3576 ⁸³)
803 3511 881 3561 Idem
897 3512 975 3578 passi
993 3517 1056 3561 sunt
1073 3511 1192 3574 scripto-

243 3599 301 3632 rum
318 3582 382 3647 hist.
396 3581 465 3645 Aug.
480 3580 546 3629 libri
559 3593 627 3643 qnos
640 3578 688 3641 qui
701 3577 910 3644 descripserunt
927 3579 1014 3630 medii
1031 3578 1095 3630 oevi
1105 3578 1194 3628 homi·

240 3666 291 3701 nes
304 3648 421 3699 lacunas
434 3662 546 3713 prorsus
559 3645 783 3699 dissimulabant.
