2750 4250
557 333 588 380 L.
606 333 741 382 Amul
759 333 917 383 SENECAE

428 479 457 535 et
471 481 624 552 sceptrum
639 473 754 536 sceiere
769 473 913 554 aggredi?

427 560 549 621 nescitis
564 559 664 639 cupidi
679 559 794 620 areium

426 661 553 722 regnum
567 662 629 725 quo
643 646 738 707 iaceat
752 643 828 706 loeo.

435 841 439 847 ·
471 815 584 893 Regem
599 831 661 876 nou
676 816 789 876 iuuiumt
804 833 884 896 opes,

426 919 500 962 non
514 902 606 962 uestis
620 901 714 980 tym'u'e
730 899 822 970 eulor,

425 1004 498 1047 nou
512 987 619 1048 ironiis
633 993 703 1048 uota
719 988 827 1064 regiae,

425 1089 499 1133 nou
515 1090 589 1134 aum
605 1071 715 1132 nitidae
730 1072 826 1133 iores:

429 1154 503 1241 [nou
517 1159 664 1235 quicquid
673 1157 760 1230 fodit
775 1159 917 1220 occidens

428 1250 482 1305 aut
497 1246 581 1305 unda
600 1244 705 1318 Tuque
719 1260 817 1304 aurea

425 1331 512 1390 claro
527 1323 775 1410 demutatum]

425 1431 499 1474 nun
515 1413 654 1495 quicquid
670 1413 775 1493 libycis
790 1414 859 1474 terii

424 1498 545 1560 feruens
561 1516 631 1561 urea
646 1498 802 1560 messibus.

466 1670 530 1732 Rex
546 1679 590 1732 est
605 1671 655 1748 qui
669 1670 768 1747 posuit
782 1676 879 1730 metus

427 1761 456 1814 et
471 1754 527 1815 diri
542 1753 619 1816 mala
634 1756 773 1834 pectoris,

425 1857 531 1918 quem
546 1857 619 1900 uun
633 1838 756 1901 ambitio
773 1840 910 1919 inpotens

424 1931 453 1984 et
467 1943 629 2005 numquam
644 1923 757 1986 stabilis
772 1925 857 1985 fauor

424 2007 505 2087 uulgi
520 2010 691 2090 praecipitis
699 2015 815 2078 mouet,

468 2182 581 2253 Quem
596 2199 668 2242 uon
684 2181 834 2243 concutiet
849 2181 958 2245 uadens

424 2264 536 2345 obliqui
550 2268 598 2328 uiu
614 2265 745 2327 fulminis

424 2370 485 2413 nou
499 2352 597 2414 Eurus
613 2354 733 2430 rapiens
748 2368 841 2423 mare,

422 2445 473 2498 aut
488 2456 577 2499 saeue
591 2436 714 2498 rabidus
729 2439 805 2499 freto

421 2524 538 2584 uentesi
553 2532 651 2584 tumor
666 2523 804 2584 Hadriae.

465 2695 576 2766 Quem
591 2712 662 2756 uon
677 2693 780 2757 lancea
797 2692 905 2765 militis,

421 2798 493 2841 uon
508 2780 628 2841 strictus
644 2780 757 2842 domuit
773 2778 901 2861 chalybs

422 2867 474 2945 qui
489 2872 552 2927 tuto
568 2868 682 2945 positus
697 2864 762 2927 loeo

419 2951 496 3012 inira
514 2970 546 3013 se
562 2952 644 3011 uidet
660 2952 759 3012 omnia

412 3038 610 3114 occurritque
626 3054 679 3097 suo
695 3034 791 3098 libens
845 3036 858 3051 “

420 3123 480 3182 futu
495 3139 551 3183 uec
566 3123 702 3201 queritur
718 3124 803 3184 mori.

266 3294 470 3303 ,μη-...-

334 3399 384 3448 347
406 3398 502 3448 trabes
515 3398 540 3447 Α
563 3406 589 3448 et
605 3398 727 3450 Luceant.
751 3400 793 3449 ud.
813 3398 880 3451 Stat.
900 3398 977 3451 Theb.
995 3398 1045 3449 IV
1053 3402 1119 3463 530,
1143 3400 1185 3453 ubi

265 3482 306 3515 uu.
325 3468 469 3518 342—352
488 3467 574 3531 affert.
594 3467 668 3517 fores
686 3466 712 3516 Ε
740 3461 753 3534 Η
781 3468 926 3520 353-357
943 3468 990 3517 luce
1007 3470 1115 3535 reposui
1131 3485 1182 3521 eum

265 3532 400 3588 Swoboda.
427 3536 570 3587 353-355
588 3537 679 3586 desunt
696 3538 722 3585 iu
740 3536 765 3585 E
786 3532 797 3603 Η
820 3537 1021 3603 359'ubluuqui
1038 3538 1064 3589 Ε
1094 3536 1099 3603 i
1133 3542 1180 3591 361

264 3603 379 3671 rupidus
396 3605 422 3656 Α
450 3602 564 3656 rubidus
583 3603 608 3653 Ε
637 3599 649 3670 ΙΙ
677 3606 727 3659 363
744 3606 857 3657 immitis
876 3606 901 3656 Ε
924 3606 1020 3658 militis
1038 3608 1063 3658 Α
1092 3604 1097 3673 i
