2750 4250
252 603 293 699 [et
300 622 395 692 putat
408 619 508 691 merui
519 633 577 678 saa
584 633 678 693 posse
685 633 812 694 pauper

248 718 345 776 reque
359 702 485 762 Laertes
499 703 612 764 ithaca
627 695 799 784 tremente]

291 871 323 932 Si
339 888 410 932 suae
425 871 521 933 uenti's
536 872 673 933 cecidere
686 871 777 943 uires,

248 954 322 1024 alta,
339 973 415 1033 quae
429 957 515 1018 nauis
530 958 627 1017 timuit
642 974 745 1017 secare

249 1041 319 1100 hine
334 1047 365 1100 et
380 1042 448 1103 hine
463 1042 536 1102 iusis
550 1043 679 1122 spatiosa
697 1039 780 1110 uelis,

248 1133 341 1186 strata
356 1124 470 1188 ludenti
485 1133 608 1205 patuere
623 1125 758 1188 cumbae.

292 1294 392 1358 Mitius
406 1304 511 1375 stagno
525 1293 648 1376 pelagus
664 1296 811 1378 recumbit

252 1389 281 1441 et
295 1390 383 1442 uacat
396 1399 512 1444 mersos
526 1400 686 1444 numerare
702 1383 798 1463 pisces

254 1465 301 1525 hic
313 1466 365 1528 ubi
379 1468 492 1545 ingenti
508 1467 597 1527 modo
613 1465 669 1528 sub
685 1465 817 1548 procella

253 1551 393 1634 Cyclades
408 1560 533 1630 pontum
549 1553 678 1613 timuere
694 1559 800 1614 motae.

296 1721 383 1784 Nulla
399 1739 465 1782 sors
478 1720 568 1800 ionga
584 1729 643 1783 est:
660 1721 746 1783 dolor
762 1741 796 1783 ae
812 1721 949 1800 uoluptas

255 1809 380 1869 inuicem
396 1806 520 1876 cedunt,
537 1806 659 1868 breuior
673 1805 818 1886 uoluptas.
894 1811 900 1824 “

255 1895 311 1953 ima
327 1898 478 1973 permutat
492 1890 568 1953 leuis
583 1891 657 1953 hora
674 1894 809 1953 summis.

298 2062 364 2136 itte,
382 2065 433 2143 qui
448 2063 539 2125 donat
554 2062 688 2126 diadema
704 2061 803 2135 irunti,

257 2169 342 2230 quem
359 2170 439 2231 genu
454 2150 542 2212 nixae
556 2156 707 2212 tremuere
722 2158 833 2231 gentes,

258 2238 337 2297 attius
352 2236 389 2297 ad
406 2242 511 2296 nutum
527 2253 655 2314 posuere
669 2232 747 2296 helia

258 2321 358 2382 Medus
374 2329 405 2382 et
417 2319 531 2381 Phoebi
545 2320 694 2400 propioris
708 2318 799 2381 Indus

259 2412 286 2465 et
301 2406 400 2468 Dahae
415 2404 533 2467 Parthis
549 2407 678 2483 equitem
695 2406 811 2467 minati:

300 2577 412 2656 Anxius
428 2582 579 2653 sceptrum
595 2582 678 2636 tenet
694 2582 722 2636 et
737 2583 893 2636 mouentes

261 2667 363 2722 cuneta
379 2660 493 2721 diuinat
509 2662 671 2741 metuitque
686 2676 772 2720 casus

260 2744 383 2806 mobiies
398 2763 501 2806 rerum
518 2744 700 2824 dubiumque
714 2752 840 2826 tempus.

301 2919 358 2977 Vos
375 2914 483 2994 quibus
498 2921 599 2976 rector
613 2916 704 2975 maris
720 2921 808 2995 atque
822 2922 921 2975 terrae

261 3002 304 3061 ius
318 3001 400 3062 dedit
415 3018 554 3080 magnum
569 3001 650 3062 necis
666 3008 753 3079 atque
770 3001 857 3070 uitae,

261 3088 360 3162 ponite
374 3084 492 3146 inflatos
507 3086 697 3165 tumidosque
712 3083 826 3147 uultus:

253 3170 400 3249 ‘quiequid
416 3188 433 3229 a
448 3170 535 3232 uobis
551 3172 649 3233 minor
664 3172 842 3249 expauescit,
1109 3188 1160 3237 610

261 3258 354 3318 maior
368 3254 429 3317 hoe
443 3256 531 3318 uobis
546 3256 683 3318 dominus
699 3258 838 3317 minatur.

259 3429 313 3479 586.
336 3428 387 3479 ast
416 3422 586 3492 interpotatoa
607 3442 663 3477 ease
687 3428 752 3476 uidit
774 3426 843 3477 itit
879 3430 993 3477 lacunam
1013 3426 1094 3475 statui

192 3496 253 3544 mue
267 3513 289 3548 a.
313 3493 325 3564 ΙΙ
349 3498 399 3548 589
410 3503 470 3561 post
487 3498 537 3546 592
554 3496 688 3547 reuaemeit
705 3494 770 3545 ΕΡ.
793 3490 806 3560 ll
829 3494 878 3545 591
897 3494 1020 3560 spetiosa
1033 3492 1058 3541 E
1069 3489 1081 3557 ΙΙ

194 3563 234 3612 stt
254 3580 297 3615 om.
313 3564 360 3628 E¹‚
379 3567 406 3614 in
424 3580 504 3629 merp.
522 3562 559 3613 Ε2
581 3558 594 3629 ΙΙ
624 3563 674 3614 598
692 3562 823 3613 breuisA
846 3562 917 3613 leuis
936 3562 985 3625 Εψ
1009 3555 1021 3627 ll
1043 3561 1093 3611 603

194 3627 268 3681 dacae
285 3633 309 3682 A
336 3632 428 3684 dahas
447 3631 472 3681 Ε
505 3628 519 3697 ΙΙ
559 3631 610 3682 605
632 3630 745 3681 diuitias
763 3632 788 3682 A
815 3629 925 3681 diuinas
944 3631 1000 3681 eod.
1019 3628 1093 3679 Goto-

194 3697 282 3751 rt'enaia.
302 3718 324 3753 e.
343 3702 451 3752 diuinet
462 3700 528 3749 ME
550 3696 562 3766 ΙΙ
577 3701 628 3750 510
647 3700 804 3751 extimescit
815 3701 840 3749 A
860 3697 1023 3764 expaueseit
1035 3695 1060 3744 E
1071 3690 1083 3760 ΙΙ

154 3843 157 3848 ⁴
237 3819 351 3856 SRRBOAE
370 3819 451 3855 nato.
871 3781 891 3843 6
