2750 4250
529 359 691 406 TROADES

167 497 320 576 tumuloque
336 497 448 559 donum
465 498 553 558 detur
568 505 597 559 et
612 499 728 560 eineres
744 501 820 578 riget
904 503 914 532 ⁸

166 588 190 642 et
202 583 306 643 lacinus
320 590 406 643 atrox
422 582 521 643 raedis
537 591 569 643 ut
585 583 729 644 thalamos
743 587 872 647 unuentl

165 685 215 726 non
230 669 327 744 patiar.
360 669 389 727 in
405 685 453 728 me
469 667 554 745 culpa
571 678 749 730 cunctorum
766 670 844 732 redit

166 750 224 830 [qui
234 769 289 812 uon
303 760 389 813 uetat
400 770 552 828 peccare,
569 771 637 815 cum
650 759 760 830 possit,
779 755 883 835 iubet]
1087 766 1140 816 300

139 863 152 894 a
200 849 317 896 runnu.
342 835 501 898 Nullumne
517 837 637 898 Achillis
658 841 821 916 praemium
838 857 938 900 manes
954 842 1069 901 lerant?

164 933 259 982 anan.
283 923 381 981 lerant
398 929 427 980 et
442 921 523 981 illum
541 921 676 983 laudibus
692 926 791 984 cuncti
807 933 913 985 canent

165 1023 348 1084 magnumque
364 1014 462 1067 terrae
478 1025 585 1067 nomen
600 1009 719 1083 ignotae
735 1009 864 1071 audient.

138 1092 157 1148 η’
199 1089 277 1158 Quod
293 1093 317 1152 si
333 1090 450 1151 leuatur
466 1094 610 1170 sanguine
625 1093 723 1153 inluso
740 1095 831 1162 uinis,

164 1176 248 1252 opima
264 1175 381 1254 phrygii
397 1175 473 1235 eolla
488 1177 650 1238 caedantur
664 1178 763 1256 gregis

163 1258 281 1336 lluatque
296 1259 370 1320 nulli
385 1259 494 1320 llebilis
510 1263 597 1322 matri
613 1279 713 1323 arnor.

138 1346 163 1402 2⁴¹
200 1342 267 1413 Quis
281 1345 336 1404 iste
351 1363 417 1405 mos
433 1354 479 1406 est
495 1346 613 1423 quanda
627 1348 657 1405 in
673 1348 794 1408 inferias
810 1348 899 1408 homo
916 1357 960 1409 est

161 1430 293 1504 inpensus
308 1429 456 1490 hominis?
479 1431 603 1491 detrahe
619 1431 761 1492 inuidiam
779 1441 830 1494 tun

162 1514 310 1594 odiumque
325 1516 403 1592 patri
420 1533 508 1593 quem
525 1514 582 1575 coli
599 1533 694 1593 poena
711 1517 806 1579 iubes.

136 1609 149 1656 h
199 1613 321 1659 Pusula.
344 1600 370 1660 Ο
386 1600 498 1660 tumide
513 1618 614 1660 rerum
630 1601 700 1661 dum
717 1601 914 1662 secundarum
931 1609 1023 1662 status
1089 1611 1139 1660 310

163 1682 263 1743 extollit
278 1685 406 1754 animos,
423 1685 608 1745 timidarum
625 1687 751 1747 increuit
768 1693 874 1748 metus.

163 1786 254 1845 regum
270 1776 395 1848 tyranne
410 1771 508 1830 iamne
523 1769 705 1831 flammatum
723 1773 803 1848 geris

163 1870 252 1912 amore
266 1853 363 1913 subito
380 1861 484 1932 pectus
499 1873 534 1914 ac
549 1856 671 1915 ueneris
687 1858 802 1916 nouae?

163 1935 269 1998 solusne
284 1939 393 1998 totiens
407 1938 501 2015 spolia
517 1939 554 2001 de
571 1938 655 1999 nobis
671 1941 770 2000 lares?

162 2019 210 2080 hae
224 2021 323 2082 dextra
340 2022 443 2082 Achilli
459 2025 608 2098 uictimam
623 2023 746 2085 reddam
764 2043 857 2086 suam.

137 2103 157 2161 b'
200 2105 288 2176 Quam
305 2109 330 2168 si
346 2125 436 2184 negas
451 2110 621 2187 retinesque
637 2111 780 2171 maiorem
797 2109 874 2170 dabo

164 2191 327 2270 dignamque
343 2211 430 2271 qnam
447 2194 497 2254 det
512 2193 654 2272 Pyrrhus.
687 2202 717 2256 et
733 2196 855 2255 nimium
873 2194 922 2255 din

164 2294 176 2333 a
189 2276 271 2337 caede
287 2284 388 2337 nostra
403 2279 484 2354 regia
501 2288 597 2339 cessat
613 2296 719 2339 manus

165 2379 311 2440 paremque
327 2364 423 2441 puscit
437 2362 582 2423 Priamus.

164 2457 260 2506 auam.
620 2448 698 2508 hand
716 2450 852 2527 equidem
870 2468 946 2527 nego

164 2527 211 2589 hoe
224 2550 288 2592 esse
303 2532 411 2611 Pyrrhi
427 2534 587 2593 marimum
604 2534 634 2593 in
650 2532 729 2593 bellu
745 2534 837 2595 decus
1089 2541 1139 2589 320
1170 2568 1180 2586 ·

164 2630 241 2674 saeuo
255 2624 429 2694 peremptus
445 2635 516 2677 ense
533 2618 610 2695 quud
627 2617 763 2679 Priamus
779 2621 853 2678 iacet

164 2700 273 2777 supplex
289 2710 441 2779 paternus.

140 2804 151 2836 e
198 2799 318 2845 runnu.
386 2840 391 2851 ,
474 2786 630 2865 Supplices
647 2788 740 2847 nostri
758 2790 848 2864 patris

166 2867 307 2949 hostesque
323 2870 444 2931 eosdem
461 2872 607 2931 nouimus.
640 2872 774 2933 Priamus
790 2879 887 2933 tamen

166 2970 291 3027 praesens
307 2958 438 3033 rogauit,
455 2964 488 3015 tu
503 2958 589 3031 grani
604 2957 731 3032 pauidus
747 2965 827 3017 metu

167 3056 210 3097 nee
223 3042 257 3099 ad
273 3040 437 3118 rogandum
455 3041 540 3100 lortis
556 3041 636 3099 niani
653 3059 758 3118 preces
1087 3048 1139 3099 325

168 3122 308 3203 ltlraeuque
325 3124 448 3185 mandas
465 3124 581 3185 clausus
596 3135 684 3204 atque
701 3126 816 3186 hostem
831 3133 972 3185 tremens.
1017 3136 1133 3179 dxxvi!

221 3348 267 3395 297
285 3346 458 3409 tumultoque
477 3344 502 3392 E
513 3340 525 3410 ΙΙ
537 3345 636 3393 donum
655 3353 693 3408 εψ
713 3346 783 3395 dono
803 3344 907 3411 αι1298
926 3351 1027 3395 nocent
1045 3345 1071 3393 Ε

167 3458 246 3495 nucem
258 3450 282 3497 A
294 3445 307 3511 ΙΙ
319 3450 371 3497 300
388 3446 472 3495 deleui
482 3441 494 3510 Η
506 3446 557 3495 304
574 3420 685 3495 linatur
703 3444 751 3510 (tit.
767 3464 783 3495 a
801 3464 831 3496 m.
852 3447 941 3509 tertia)
960 3448 985 3496 Ε
996 3443 1008 3512 ll
1020 3449 1070 3497 306

167 3512 252 3564 flebilis
269 3524 307 3578 εψ
327 3515 414 3565 flebili
433 3529 451 3562 α
463 3509 474 3578 Η
491 3515 541 3563 307
559 3514 639 3563 homo
659 3519 702 3563 est
720 3515 759 3564 εΑ
778 3512 789 3580 Η
801 3516 851 3565 308
871 3516 988 3566 hominis
1007 3514 1032 3563 Ε
1049 3521 1069 3563 t.

168 3578 249 3634 lurae.
261 3584 332 3647 Mop.
352 3581 456 3633 homini
469 3581 493 3630 A
512 3580 591 3631 homo
604 3582 622 3630 i.
635 3581 740 3631 homini
753 3590 795 3631 est
807 3583 858 3636 Bo.
871 3580 883 3648 Η
901 3585 949 3633 311
964 3582 1070 3632 estollit

170 3643 329 3712 Essinereuit
348 3650 373 3699 Ε
391 3649 529 3711 increpuit
549 3649 573 3697 A
585 3645 597 3714 ll
609 3652 658 3699 313
677 3650 770 3699 subito
789 3651 838 3713 Εψ
858 3650 940 3701 solito
961 3651 983 3698 A
1014 3646 1025 3716 Η

212 3748 327 3785 senecas
342 3750 424 3785 suaa.
831 3731 870 3795 16
