2750 4250
563 365 727 415 rucanas
1037 353 1100 420 267

194 506 295 568 inclusa
311 506 395 569 tellus
411 527 472 568 nun
487 509 566 586 capit
580 506 711 569 tumulos
727 525 818 568 meos.

160 593 188 667 ξ’
231 593 288 653 lluc
303 593 360 655 duc
376 592 466 655 Vlixe.
496 592 670 662 numeror,
687 593 872 654 dominum
889 611 1008 672 sequor.

193 696 234 740 me
247 697 311 740 mea
326 686 488 758 sequentur
503 680 578 740 fata:
601 696 660 740 nen
677 677 782 758 pelago
798 679 883 758 quies

191 762 339 843 tranquilla
353 765 469 834 ueniet,
486 765 598 842 saeuiel
613 765 709 824 uentis
725 780 823 834 mare,

192 857 217 908 et
229 848 303 909 bella
319 857 347 912 et
361 850 438 928 iguis
453 856 483 910 et
497 867 562 910 mea
579 857 608 910 et
622 849 734 910 Priami
750 847 837 909 mala.

191 933 312 1011 dumque
326 936 382 996 isia
398 936 536 1009 ueniunt,
551 935 671 995 interim
686 933 745 993 hoc
761 950 875 1012 poenae
892 932 957 994 locu
966 943 1032 996 est:

190 1027 291 1080 sertem
307 1021 467 1098 occupaui,
484 1021 648 1099 praemium
665 1019 762 1096 eripui
778 1017 841 1080 tibi.

158 1103 184 1161 h''
227 1103 282 1164 Sed
298 1123 335 1166 en
350 1106 439 1165 citato
454 1105 587 1186 Pyrrhus
602 1106 732 1165 accurrit
747 1104 840 1182 gradu

154 1527 181 1584 h„

155 2315 168 2349 ὃ

189 1188 323 1268 uultuque
337 1197 437 1251 toruo.
468 1190 582 1270 Pyrrlre
598 1189 668 1270 quid
684 1189 802 1250 cessas?
825 1205 879 1266 age

188 1273 302 1336 reclude
317 1275 399 1336 ierro
414 1282 519 1353 pectus
534 1282 564 1336 et
579 1274 698 1336 Achillis
714 1275 756 1334 tui

188 1361 327 1439 coniunge
342 1378 472 1421 soceros.
501 1376 593 1439 perge
608 1367 753 1421 mactator
768 1377 889 1420 senum:

188 1443 272 1504 ethic
288 1445 372 1506 decet
387 1453 416 1506 te
431 1447 559 1523 sanguis.
591 1445 744 1524 abreptam
760 1444 854 1506 trahe.

182 1526 188 1545 '
226 1528 366 1591 Maculate
382 1548 509 1609 superes
524 1531 615 1592 caede
631 1531 747 1591 funesta
764 1531 850 1599 deus,

187 1613 324 1676 maculate
338 1633 451 1676 menes.
483 1615 551 1694 quid
567 1633 675 1696 precer
691 1614 793 1675 uobis?
816 1632 924 1694 precor
1118 1621 1183 1672 1015

188 1697 228 1759 his
242 1699 328 1779 digna
343 1703 436 1763 sacris
451 1718 590 1781 aequora.
621 1701 679 1760 hoc
696 1698 782 1760 classi
798 1700 911 1760 accidat

188 1785 234 1843 tuti
249 1785 402 1864 pelasgae,
418 1785 533 1846 ratibus
548 1786 606 1846 hec
623 1784 703 1846 mille
719 1783 849 1854 accidat,

187 1886 264 1931 meae
278 1870 440 1949 precabor,
457 1889 524 1932 cum
540 1870 648 1944 uehar,
666 1870 806 1949 quicquid
821 1871 886 1930 rati.

564 2138 712 2185 CHORVS.

308 2294 420 2357 Dulce
436 2296 580 2356 maerenti
596 2294 723 2374 populus
738 2293 906 2361 dolentum,

266 2379 370 2441 dulce
386 2382 545 2442 maerentis
561 2398 702 2440 resonare
718 2390 828 2459 gentes.

265 2463 370 2526 leutius
386 2464 482 2526 luctus
497 2464 696 2543 lacrimaeque
712 2464 851 2525 mordent

265 2549 349 2611 turba
365 2568 439 2629 quas
453 2551 523 2612 lletu
539 2550 641 2611 similis
655 2552 833 2629 frequentat.

264 2652 381 2712 semper
397 2654 413 2695 a
429 2653 547 2714 semper
563 2635 648 2696 dolor
663 2641 708 2695 est
724 2633 885 2713 malignus:

263 2720 371 2797 gaudet
385 2721 415 2780 in
431 2720 540 2781 multos
555 2738 608 2782 sua
624 2721 680 2780 lata
697 2720 773 2779 mitti

190 2854 382 2865 -—-——..-

246 2927 311 2976 1002
328 2940 383 2973 non
402 2924 478 2989 cepit
496 2923 545 2986 Eep
563 2938 627 2973 num
646 2940 669 2973 e.
687 2923 712 2973 A
735 2938 809 2973 nunc
827 2930 850 2987 ψ
867 2918 878 2987 ll
896 2924 962 2972 1004
980 2936 1094 2986 sequen·

188 2993 227 3039 tur
242 2994 280 3043 eA
299 2996 452 3056 sequentur
469 2988 517 3058 ψΙΙ
528 3009 568 3041 uu.
589 2991 757 3043 1004-1008
772 2997 834 3055 port
851 2989 956 3055 tallolss
976 2996 1095 3054 transpo-

188 3061 273 3111 aeados
286 3077 342 3111 eree
354 3061 463 3112 coniecit
475 3059 600 3125 Scaliper.
612 3055 624 3125 ll
638 3061 703 3111 1005
715 3060 811 3109 ueniet
824 3058 933 3108 saeuiet
945 3056 970 3105 E
988 3058 1093 3111 ueniet.

189 3128 288 3178 saepiat
304 3129 331 3179 A
354 3124 366 3194 ll
390 3130 456 3179 luet
474 3128 590 3177 ueniunt
607 3128 633 3177 E
650 3128 766 3177 uenient
784 3127 808 3175 A
827 3125 985 3176 uenientis
1008 3121 1019 3191 ΙΙ
1042 3126 1096 3176 hee

188 3209 284 3257 poenae
302 3196 363 3247 loeo
382 3202 426 3246 est
443 3195 469 3245 Ε
497 3196 569 3246 haec
586 3210 678 3260 poena
696 3196 725 3244 in
742 3195 804 3244 loeo
823 3198 867 3244 eet
884 3196 906 3244 A
933 3192 986 3244 hoe
1004 3208 1095 3258 poena

189 3262 214 3311 iu
228 3264 246 3317 l.
264 3280 287 3315 e.
306 3271 330 3330 ψ
351 3260 363 3330 ll
385 3264 451 3314 1008
470 3264 559 3329 eripui
576 3264 629 3313 tibi
647 3263 673 3313 E
692 3263 794 3328 eripuit
812 3262 879 3311 mihi
897 3263 922 3313 A
939 3258 951 3329 ΙΙ
970 3263 1035 3313 1009
1053 3263 1095 3313 in·

190 3329 265 3382 citato
282 3348 304 3382 m
322 3348 362 3382 en
381 3334 470 3382 citato
487 3333 590 3395 scripsi.
603 3327 615 3396 ΙΙ
627 3334 696 3383 1010
711 3330 806 3395 pyrrhi
824 3327 872 3397 ΕΗ
886 3332 951 3381 1013
970 3329 1051 3380 trahe
1070 3331 1096 3380 E

192 3398 258 3451 Vuae.
276 3399 363 3450 trehit
381 3400 406 3449 A
424 3396 436 3465 {l
460 3402 525 3451 1016
543 3414 640 3465 precer
658 3400 707 3464 Εψ
726 3413 823 3463 preces
842 3415 860 3448 α
884 3394 896 3465 ll
920 3400 987 3449 1020
1004 3398 1096 3449 Dulce

189 3464 305 3518 lamentis
322 3483 376 3518 res.
396 3469 420 3517 A
450 3467 539 3518 Dulce
560 3472 588 3517 et
606 3471 763 3517 maerentes
782 3481 835 3517 res.
854 3466 880 3515 E
902 3463 914 3533 ll
939 3468 1003 3517 1021
1023 3466 1096 3516 Len·

190 3533 236 3584 lius
252 3537 275 3585 A
293 3537 397 3585 Lenius
415 3549 429 3586 e
451 3532 464 3601 ll
488 3538 553 3587 1022
571 3536 669 3585 similis
687 3535 713 3583 Ε
731 3534 814 3584 simili
832 3536 858 3585 A
882 3530 893 3600 ll
917 3535 1097 3599 frequentant

191 3602 312 3654 ed.Basi1.
324 3612 349 3668 ψ
366 3604 528 3667 frequentet
541 3604 581 3654 eA
594 3600 605 3669 ΙΙ
623 3605 688 3654 1023
701 3618 810 3668 semper
822 3602 857 3651 eh
870 3618 979 3667 semper
991 3617 1038 3651 om.
1051 3609 1075 3664 ψ
1088 3600 1091 3667 Ι

191 3672 229 3718 est
242 3671 376 3738 malignus
393 3672 420 3721 Ε
437 3673 497 3739 ipse
516 3686 633 3736 magnus
652 3671 676 3719 A
697 3675 725 3721 et
743 3686 860 3735 magnus
878 3678 901 3734 ψ
925 3665 937 3734 ΙΙ
