2750 4250
525 392 724 440 Auumumuo
1022 376 1083 440 351

220 546 318 595 tutu.
341 533 526 595 Veneremur
542 550 632 593 aras.

186 633 246 680 crs
664 616 771 677 cecidit
786 624 853 677 aute
869 633 952 677 eres
970 624 1061 694 peter.

219 717 318 765 tutu.
341 704 466 764 louem
484 720 642 780 precemur
659 703 780 780 pariter.

186 803 246 850 uss,
786 786 926 846 hereeum
942 785 1085 847 leuem?
1103 800 1154 850 83⁰

220 886 317 935 tutu.
341 873 444 935 Credis
460 871 564 933 uidere
580 878 609 931 te
625 870 753 931 Ilium?

187 972 247 1019 cru.
737 964 766 1016 et
781 956 970 1016 Priamum
986 955 1083 1017 simui.

220 1056 319 1104 tutu.
341 1044 396 1105 Hie
411 1043 522 1103 Troia
540 1060 600 1102 nun
616 1048 669 1101 est.

186 1142 246 1190 cus.
565 1126 677 1187 Helena
694 1124 746 1185 ubi
763 1133 822 1195 est,
838 1124 986 1186 Troiam
1002 1134 1083 1204 puto.

219 1226 318 1273 tutu.
342 1213 385 1273 Ne
402 1220 502 1274 metue
518 1211 665 1272 domiuum
682 1209 828 1271 famula.

184 1311 244 1358 ctu.
813 1294 976 1356 libertas
992 1296 1082 1357 adest.

218 1396 317 1443 tuest.
343 1383 483 1443 Secura
500 1383 578 1443 uiue.

183 1480 242 1527 esu.
605 1466 675 1526 milri
692 1466 768 1525 mori
784 1473 830 1526 est
844 1465 1039 1526 securitas

217 1566 317 1613 ruunt.
341 1551 461 1613 Nullum
479 1559 523 1612 est
538 1550 683 1630 periclum
700 1549 858 1611 tibimet.
1103 1564 1153 1613 835

183 1650 242 1697 cus.
801 1645 831 1695 at
845 1652 986 1712 maguum
1003 1633 1081 1694 tibi.

215 1735 316 1783 tutu.
343 1723 441 1782 Victor
457 1722 593 1783 timere
608 1721 678 1801 quid
695 1720 812 1800 potest?

182 1819 242 1867 cus.
797 1803 876 1884 quud
892 1820 951 1864 nou
968 1805 1082 1864 timet.

217 1989 317 2037 tuest.
344 1976 426 2037 Hane
441 1975 499 2036 fide
522 1974 625 2036 iumuli
641 1974 727 2035 turbe
744 1974 813 2034 dum
835 1974 963 2035 excutiat
979 1973 1082 2044 deum,

181 2062 305 2134 retinete,
322 2080 360 2121 ne
377 2060 445 2140 quid
463 2062 601 2140 inpotens
617 2068 722 2139 peccet
737 2060 830 2120 surer.

216 2147 247 2206 tr
260 2155 288 2208 te
303 2154 387 2226 pater
402 2147 451 2227 qui
467 2163 556 2208 saeua
572 2154 694 2226 torques
710 2145 832 2206 fulmina

182 2230 310 2309 pellisque
326 2231 435 2302 nubes,
452 2231 547 2293 sideru
565 2239 594 2292 et
610 2239 706 2292 terras
720 2232 817 2307 regis,

182 2315 210 2375 ad
226 2336 308 2395 quem
323 2317 469 2397 triumphi
483 2317 577 2397 spolia
593 2318 722 2376 uictores
737 2315 852 2385 ierunt,

182 2408 205 2460 et
218 2407 244 2462 te
259 2421 390 2464 sororem
407 2409 511 2464 cuncta
527 2400 665 2481 pollentis
681 2401 738 2460 uiri

181 2485 297 2562 argolica
310 2488 383 2549 luno
398 2505 508 2565 pecore
524 2488 625 2548 uotiuo
639 2485 737 2546 libens

180 2571 355 2653 Arabumque
371 2573 456 2634 donis
471 2569 604 2650 supplice
620 2578 648 2632 et
663 2569 737 2630 fibra
754 2568 860 2629 roiam.

237 3015 284 3064 830
296 3013 424 3078 herceum
436 3012 461 3061 E
473 3013 612 3062 Herceum
624 3012 650 3061 Α
662 3011 821 3062 herculeum
835 3017 858 3073 ψ
870 3005 881 3075 ΙΙ
894 3011 942 3061 831
957 3013 986 3059 et
997 3011 1085 3060 delen-

182 3079 229 3127 dum
239 3089 321 3131 censet
335 3082 388 3132 Gir.
407 3076 419 3146 11
436 3082 485 3131 832
498 3080 553 3130 Vbi
565 3081 674 3131 Helena
688 3082 731 3128 est
742 3096 764 3128 ω
781 3079 815 3127 Η.
830 3077 878 3127 ubi
891 3081 934 3127 est
945 3076 1053 3128 BSclrm.
1070 3077 1083 3140 ΙΙ

183 3145 223 3196 834
238 3149 301 3199 mihi
319 3149 388 3200 mori
407 3153 449 3198 est
466 3149 491 3198 Ε
510 3164 581 3198 mors
594 3147 662 3197 mihi
674 3152 718 3197 est
731 3146 757 3195 Α
769 3141 780 3211 ΙΙ
792 3147 842 3195 835
860 3145 1049 3210 perieulumrp
1070 3145 1084 3209 ΙΙ

183 3227 296 3278 magnum
307 3218 361 3267 tibi
375 3221 417 3267 est
429 3217 454 3266 A
474 3221 517 3267 est
529 3232 575 3267 om.
588 3215 614 3264 E
630 3212 642 3280 il
662 3216 712 3264 842
732 3212 966 3277 cunctipollentis
980 3214 1055 3265 NHs.
1068 3213 1083 3278 Η

182 3290 231 3342 post
246 3302 268 3335 u.
281 3287 331 3335 844
348 3292 426 3336 totum
443 3301 561 3337 scaenam
578 3284 698 3333 interisse
715 3283 842 3346 errspieor.
866 3277 878 3348 ΙΙ
