2750 4250
566 351 690 399 Manna

172 493 207 552 sit
221 491 347 570 pretium
362 491 458 552 iason.

171 589 233 637 aas.
481 576 556 636 cedo
571 576 706 639 defessus
721 576 813 638 malis.

140 669 156 717 h
212 663 247 722 Et
261 662 324 741 ipsa
341 679 428 721 casus
443 679 533 739 saepe
548 664 606 722 iam
623 671 761 740 expertos
775 663 855 724 time.

170 754 251 807 nni).
268 748 385 806 fortuna
402 764 521 824 semper
536 747 632 807 omnis
646 749 724 808 inira
741 765 788 808 me
803 748 892 807 stetit.

170 845 232 892 ras.
249 834 372 892 Acastus
386 832 476 892 instat
490 867 533 877 —-

170 930 251 976 nnn.
368 986 371 989 ,
572 918 695 996 propior
711 924 755 977 est
771 916 979 978 hostisCreo.

142 1000 163 1057 n'
209 1003 370 1080 Vtrumque
385 1001 520 1081 profuge.
551 1019 611 1062 non
628 1004 706 1062 utin
723 1021 860 1063 socerum
877 1019 981 1064 manus
1103 1011 1156 1061 525

170 1105 263 1146 armes
279 1104 335 1145 nec
350 1093 382 1145 nt
397 1093 426 1145 tc
442 1085 532 1146 caede
548 1095 671 1163 cognata
688 1089 825 1166 inquines

170 1171 290 1232 Medea
306 1173 398 1247 cogit:
421 1172 565 1232 innocens
581 1190 698 1232 mecum
716 1173 793 1249 inge.

141 1265 150 1311 i
202 1268 273 1316 ras,
297 1255 334 1315 Et
349 1258 415 1334 qnis
431 1258 549 1316 resistet
564 1257 680 1335 gemina
697 1259 722 1316 ei
738 1256 812 1317 belia
830 1259 987 1334 ingranant

170 1341 240 1403 Creo
256 1348 345 1420 atque
359 1345 482 1403 Acastus
498 1359 578 1402 arma
595 1345 620 1402 si
635 1343 793 1418 iungunt
808 1344 879 1403 sna?

141 1430 157 1482 i'
210 1441 295 1488 nnn.
319 1426 372 1486 His
386 1425 469 1486 adice
485 1427 612 1488 Colchos
627 1428 711 1488 adice
728 1434 757 1488 et
771 1430 881 1488 Aeeten
898 1427 1002 1488 ducem
1102 1436 1155 1485 530

169 1512 288 1591 Scythas
302 1510 431 1588 Pelasgis
446 1512 578 1589 iunge:
600 1510 754 1572 demersos
769 1511 855 1572 dabo.

140 1603 157 1651 k
209 1609 273 1656 rns.
296 1595 360 1656 Atta
375 1596 536 1656 extimesco
551 1605 678 1673 sceptra.

169 1696 250 1742 arton.
703 1698 740 1741 ne
755 1683 858 1760 cupias
874 1681 952 1741 uide.

142 1765 163 1821 k‘
209 1779 273 1826 ma.
297 1765 441 1843 Suspecta
458 1784 496 1825 ne
511 1766 569 1825 sint
583 1763 669 1844 ionga
686 1765 839 1845 conloquia
857 1773 984 1844 amputa.

141 1857 149 1905 1
210 1865 291 1912 nnn.
315 1849 401 1910 Nunc
415 1868 531 1910 summe
547 1858 608 1911 toto
622 1851 755 1930 luppiter
771 1852 852 1912 caelo
869 1858 946 1910 tona.

169 1936 281 1996 intende
296 1934 441 1994 dextram.
471 1935 606 1997 uindices
621 1936 876 2014 fiammaspara
1100 1944 1152 1993 535

170 2039 341 2098 omnemque
357 2022 452 2097 ruptis
469 2019 598 2082 nubibus
614 2020 756 2082 mnndum
774 2030 870 2099 quate.

142 2101 157 2159 Υ
211 2105 269 2167 Neo
284 2105 417 2182 diligenti
432 2105 488 2166 tela
504 2105 652 2167 librentur
666 2125 755 2167 manu
1038 2119 1058 2163 r.
1074 2118 1148 2163 tvnn

170 2190 214 2251 nei
228 2210 273 2252 me
288 2190 337 2252 nel
353 2193 458 2251 istum:
475 2192 608 2271 quisquis
623 2213 639 2252 e
654 2191 742 2252 nobis
758 2192 843 2253 cadet

170 2294 273 2337 nocens
287 2276 412 2355 peribit,
430 2292 490 2336 non
506 2283 602 2354 potest
617 2278 648 2335 in
664 2294 719 2337 nos
734 2284 816 2337 tuum

172 2379 265 2422 errare
280 2359 431 2422 fulmen.
1099 2372 1150 2420 540

144 2468 166 2501 m
211 2459 273 2507 ras.
471 2446 547 2506 Sana
563 2447 701 2507 meditari
716 2448 815 2526 incipe

172 2538 198 2589 et
211 2529 320 2608 placida
338 2530 411 2591 iare.
440 2531 465 2590 si
481 2531 559 2609 qnod
575 2550 610 2591 ex
626 2534 722 2592 soceri
739 2531 826 2591 domo

171 2622 258 2691 potest
272 2617 370 2693 iugam
386 2614 504 2676 leuare:
520 2614 685 2677 solamen
702 2626 777 2695 pete.

167 2703 246 2760 'nnn
263 2708 455 2761 contemnere
471 2702 587 2761 animus
601 2703 699 2779 regias
716 2710 746 2761 ut
761 2703 818 2762 scis
834 2718 905 2779 opes

172 2792 258 2860 potest
272 2783 423 2862 soletque,
439 2784 552 2846 liberos
569 2793 682 2845 tanturn
699 2788 786 2864 iugac

174 2866 272 2930 habere
288 2871 410 2930 comites
426 2869 513 2930 liceat
528 2872 557 2929 in
574 2888 701 2949 quornm
718 2873 783 2932 sinu

174 2950 297 3014 lacrimas
312 2956 500 3033 profundam.
531 2962 560 3015 te
576 2957 647 3016 noui
664 2959 764 3034 gnati
781 2962 910 3017 manent.

149 3035 176 3091 n'
211 3051 270 3099 tta.
292 3040 402 3100 Parere
417 3039 558 3119 precibus
573 3058 684 3118 cupere
699 3060 747 3101 me
762 3043 857 3102 iateor
871 3041 945 3109 tuis,

175 3205 362 3219 5——

230 3311 276 3362 523
294 3312 369 3361 intra
387 3313 412 3361 A
434 3312 510 3361 inira
528 3310 577 3361 ER
604 3308 616 3373 11
645 3312 696 3362 524
713 3312 802 3362 MED.
821 3312 846 3361 Ε
869 3328 915 3364 om.
936 3313 960 3361 A
989 3309 1002 3379 ΙΙ
1029 3314 1080 3364 525

176 3373 250 3428 MED.
266 3385 319 3430 utr.
339 3381 363 3429 A
393 3379 481 3429 MED.
500 3395 547 3430 om.
566 3380 591 3428 E
619 3375 632 3446 Η
660 3379 723 3430 nolo
742 3381 767 3429 A
797 3396 852 3431 non
870 3382 895 3430 E
923 3377 936 3449 ss
965 3382 1014 3432 528
1037 3382 1080 3430 in·

177 3451 261 3505 gment
272 3448 297 3497 A
316 3448 468 3513 ingraunnt
479 3448 504 3497 Ε
515 3444 527 3514 ΙΙ
539 3449 589 3498 529
607 3448 724 3513 iungant
738 3450 779 3500 Αε
797 3450 924 3514 iungunt
940 3451 1042 3514 accipet.
1062 3450 1078 3513 ii

177 3510 216 3561 530
231 3513 317 3579 adijce
336 3516 451 3565 Aeetem
470 3515 495 3565 A
520 3515 600 3566 adice
620 3521 648 3565 et
666 3522 756 3566 aetem
775 3517 800 3565 Ε
816 3514 827 3581 Η
851 3520 901 3569 637
925 3534 1035 3567 manum
1053 3516 1080 3567 E

177 3582 333 3717 ἒζιὲιιὲἰψιι
355 3586 404 3635 538
423 3585 451 3632 in
469 3598 512 3633 me
531 3584 557 3635 A
584 3585 631 3634 uel
649 3599 692 3634 me
711 3584 736 3634 Ε
764 3582 776 3651 ΙΙ
805 3587 853 3636 541
874 3586 980 3651 siquid
1000 3586 1024 3635 A
1054 3586 1080 3635 ei

207 3664 219 3696 0
