2750 4250
289 334 429 382 XXXVIII
664 331 864 381 PRAEFATIO

243 502 272 567 ψ
292 493 478 566 discrepantes
504 491 611 567 aliquot
639 491 684 549 uel
705 492 825 566 plurium
851 491 985 548 librorum
1005 491 1162 566 scripturas
1185 491 1242 564 (ψ)
1287 506 1289 577 p

289 579 490 636 adnotaremus.
518 577 565 634 ubi
586 577 619 634 ab
640 576 767 634 omnibus
789 576 868 633 libris
888 576 1046 634 discedebat
1062 595 1086 631 oc
1110 595 1243 651 graecum

247 679 271 717 ω
290 662 457 738 ponebatur,
480 664 626 737 utriusque
646 664 817 720 recensionis
836 678 1001 719 consensum
1017 662 1098 718 litera
1113 680 1138 717 ω
1157 664 1243 736 signi-

289 747 440 805 ficauimus.
469 747 498 804 ld
519 763 586 805 uero
602 748 653 805 hac
667 750 697 804 in
712 762 743 803 re
758 748 923 804 monendum
939 755 996 810 est,
1016 763 1243 821 nonnumquam
1288 736 1290 774 ¹

288 833 384 889 nonA
404 848 470 889 uere
492 832 634 908 uolgarem
653 833 800 890 lectionem
820 850 896 896 esse,
919 833 966 890 sed
980 841 1017 905 ψ.
1053 832 1166 889 Etenim
1182 849 1243 888 cum
1288 832 1289 923 l

288 918 317 974 in
332 917 420 974 libros
439 917 568 991 uolgares
590 917 715 993 singulae
731 920 884 992 sumpturae
901 935 933 974 er
947 917 1063 974 meliore
1077 920 1242 975 recensione
1289 964 1291 984 ,

288 1002 438 1060 translatae
453 1010 560 1064 essent,
576 1003 603 1058 id
619 1002 693 1078 quod
705 1019 790 1076 supra
804 1002 1067 1066 demonstrauimus,
1083 1003 1134 1059 has
1148 1005 1244 1059 Auan-
1289 988 1291 1001 ’

289 1089 346 1144 tius
366 1088 502 1145 interdum
517 1087 629 1161 recepit.
666 1084 834 1161 Quamquam
849 1088 873 1144 si
894 1090 1056 1144 uniuersum
1071 1096 1242 1162 spectamus,
1289 1074 1290 1105 ¹

288 1171 394 1228 nubum
414 1171 514 1228 librum
536 1171 581 1228 uel
601 1188 684 1228 manu
706 1172 839 1247 scriptum
860 1172 907 1228 uel
927 1175 1081 1246 inpressum
1097 1172 1242 1228 latendum
1290 1194 1292 1213 ι

287 1265 333 1313 est
347 1265 402 1314 tam
413 1273 500 1331 prope
516 1256 549 1313 ad
562 1258 709 1330 genuinam
723 1258 900 1315 recensionis
909 1257 1032 1331 uulgaris
1047 1256 1242 1314 condicionem

290 1341 418 1399 accedere
434 1358 513 1415 quam
528 1340 661 1398 Aldinam.

352 1479 380 1534 ln
411 1474 575 1536 Octauia
608 1477 775 1535 recensenda
810 1484 922 1552 praeter
954 1477 1242 1550 llehdigeranos,
1291 1514 1292 1521 ,

288 1562 486 1626 Gothanos,
516 1562 821 1619 vindobonensem
847 1563 881 1618 dc
909 1562 1010 1636 quibus
1030 1579 1115 1636 supra
1135 1562 1242 1619 dietum

289 1656 346 1710 est,
363 1649 414 1704 hos
428 1649 497 1704 duos
513 1647 699 1704 adhibuimus:
1094 1650 1097 1655 '

255 1764 279 1822 C
360 1761 630 1840 Lugdunensis
653 1782 734 1822 xviri
756 1766 794 1823 16
815 1765 844 1820 Ε
868 1765 957 1839 quode
981 1763 1004 1819 J.
1027 1763 1100 1821 Geel.
1124 1764 1243 1838 catalog.

292 1867 359 1905 mss.
382 1848 456 1922 lugd.
476 1848 532 1907 bat.
552 1849 602 1905 No.
624 1849 686 1908 370
713 1851 780 1907 haec
801 1849 885 1906 uerba
906 1850 984 1906 lacit:
1013 1848 1120 1905 ‘Codex
1139 1851 1244 1922 partim
1293 1882 1295 1901 .

287 1931 523 2006 membranaceus,
546 1935 646 2008 partim
662 1936 821 1991 chartaceus
836 1950 891 1991 xiv
906 1953 972 1996 sec,
988 1933 1049 1992 236
1065 1932 1200 1990 loliorum
1217 1933 1243 1989 in

288 2018 371 2080 lolio,
392 2017 483 2074 literis
504 2019 655 2076 initialibus
670 2019 767 2094 pictis,
788 2019 875 2094 prima
890 2021 989 2094 pagiua
1010 2020 1084 2075 uersi
1099 2016 1244 2075 coloribus

288 2112 315 2161 et
331 2104 467 2161 deauratis
483 2103 605 2162 llosculis
628 2114 733 2162 ornata.
763 2104 791 2161 t.
805 2105 907 2161 Annaei
924 2103 1042 2162 Senecae
1058 2103 1240 2177 Tragoediae.

287 2189 476 2263 Subscriptio:
497 2189 613 2263 Explicit
627 2192 714 2246 Annei
729 2189 755 2246 d.
773 2189 874 2247 Senece
890 2190 1075 2263 tragediarum
1089 2187 1162 2246 liber
1179 2189 1243 2245 leli·
1294 2193 1295 2228 ³

288 2276 356 2331 citer
387 2276 506 2348 scriptus
535 2290 584 2348 per
610 2291 653 2331 mc
673 2273 832 2331 michaelem
861 2274 894 2331 de
915 2273 1034 2331 franchis
1057 2273 1089 2330 de
1117 2273 1243 2330 clauario

288 2360 451 2432 scriptorem
478 2367 560 2432 atquc
587 2358 704 2415 scribam
732 2358 883 2416 uenerabili
907 2361 969 2415 uiro
997 2360 1129 2431 magistro
1159 2356 1242 2414 Guill'

288 2442 321 2499 de
343 2444 475 2499 monticlo
497 2452 562 2500 triac
583 2446 686 2501 rectori
707 2444 841 2500 scolarum
861 2443 918 2499 loci
938 2443 1085 2516 requinirii
1106 2444 1135 2498 in
1156 2444 1243 2516 pede-

287 2526 441 2590 montibus,
472 2527 522 2585 sub
544 2546 614 2585 auno
636 2528 708 2585 mill⁰
725 2534 798 2586 ccc⁰
812 2545 853 2585 xn
873 2528 917 2584 die
936 2543 1038 2584 xxvnr
1058 2528 1162 2583 mensis
1185 2530 1243 2583 Au·

289 2614 372 2685 gusti.
400 2610 471 2669 Laus
486 2622 514 2669 et
529 2615 617 2687 gratia
633 2630 739 2670 summo
762 2620 789 2668 et
805 2612 938 2668 altissimo
953 2613 991 2666 sit
1006 2613 1123 2668 creatori
1138 2622 1242 2667 nostro

288 2698 316 2751 in
336 2697 491 2754 seculorum
518 2698 618 2755 secula.
647 2715 734 2754 amen.
779 2696 946 2769 Tragoedias
965 2697 1020 2752 hoc
1040 2696 1137 2751 ordine
1158 2705 1242 2751 sunt:

287 2780 419 2839 Hercules
435 2782 543 2848 iurans,
560 2784 708 2857 Thyestes,
722 2782 903 2844 Phoenissae,
918 2780 1089 2854 hippolitus,
1106 2778 1243 2853 Oedipus,

289 2867 422 2932 Troades,
444 2871 645 2943 Agamemnon,
668 2866 795 2931 Octauia,
821 2864 952 2922 Hercules
974 2864 1101 2920 Oetaeus.
1148 2863 1244 2921 Codex

293 2960 433 3010 correctus
456 2963 499 3011 est
520 2970 574 3010 sec.
590 2968 729 3009 xv-xvr
750 2948 783 3007 ab
799 2950 891 3023 aliquo
907 2950 955 3022 qui
975 2951 1000 3004 in
1017 2948 1071 3004 line
1091 2948 1245 3022 adscripsit

287 3030 415 3093 ‘correxi
428 3037 491 3095 bina
507 3039 567 3095 uice
582 3066 617 3077 —
632 3054 646 3093 a
661 3035 798 3109 principio
814 3050 903 3107 usque
918 3034 951 3089 ad
966 3032 1074 3089 linem'.
1104 3033 1161 3088 Hae
1177 3050 1244 3090 cor·

287 3121 424 3178 rectiones
436 3130 542 3181 tantum
554 3129 619 3179 sunt
634 3121 768 3178 lectiones
784 3136 817 3175 ex
832 3116 886 3175 alio
898 3118 991 3174 codice
1003 3117 1160 3191 decerptae.
1184 3119 1243 3174 Ad·

287 3201 357 3259 iecta
379 3215 443 3264 sunt
458 3208 502 3265 hic
523 3208 579 3265 illic
595 3206 699 3271 scholia
714 3207 788 3262 iuter
803 3220 901 3260 uersus
917 3210 945 3257 et
959 3201 1144 3274 marginibus,
1168 3219 1244 3275 quae

286 3292 341 3341 tam
364 3291 397 3347 ad
418 3308 462 3349 res
482 3292 682 3368 mythologicas
703 3293 843 3365 pertinent
858 3303 939 3360 qoam
959 3286 992 3342 ad
1007 3284 1155 3343 metrum'.
1195 3288 1243 3343 ‘In

285 3371 372 3441 prima
394 3380 492 3451 pagina
515 3380 588 3452 picta
610 3384 674 3433 sont
700 3392 774 3431 arma
795 3372 966 3448 possessoris
992 3369 1161 3442 abeodem,
1189 3374 1243 3444 qui

285 3453 391 3529 reliqua
413 3471 570 3521 ornamenta
591 3460 702 3517 addidit.
737 3458 793 3516 Sub
813 3458 856 3513 his
877 3457 960 3511 armis
980 3456 1119 3511 recentior
1137 3471 1243 3526 manus

284 3535 431 3618 adscripsit
458 3556 495 3610 n(
505 3553 564 3607 v11⁰
585 3562 662 3604 xxix
689 3544 717 3601 C.
738 3543 843 3600 liutalis
869 3540 914 3596 uel
934 3536 1033 3593 llitalis
1060 3536 1111 3609 (arr
1132 3539 1241 3598 Natalis

282 3614 420 3704 Genesi).
455 3635 485 3699 In
500 3633 553 3691 fine
574 3640 638 3709 post
659 3627 889 3703 subscriptionem
910 3638 1006 3678 manus
1028 3624 1170 3681 recentior
1191 3626 1244 3682 ad·
