2750 4250
288 301 353 366 244
570 314 600 360 u.
619 313 751 360 suuuur
768 286 927 361 sessoris

332 475 400 516 cum
414 455 545 515 coniunx
558 451 652 513 oculis
667 454 798 531 inposuit
814 471 934 514 manum

331 557 548 620 supremusque
564 538 627 598 dies
641 536 754 598 solibus
769 537 883 598 obstitit

332 633 362 685 et
377 625 468 685 tristis
483 625 600 684 cineres
615 640 689 683 urna
707 622 878 683 cohercuit?

333 728 393 770 nou
408 709 530 788 prodest
544 708 672 768 animam
686 707 807 768 tradere
822 707 935 776 funeri,

333 795 385 855 sed
400 802 493 855 restat
507 793 622 853 miseris
637 793 741 852 uiuere
757 791 893 870 lougius?

377 965 423 1023 Au
438 963 491 1023 toti
506 963 651 1022 morimur
668 959 808 1040 nullaque
824 979 894 1040 pars
911 970 1010 1022 nranet

336 1049 445 1116 nostri,
462 1066 529 1107 cum
545 1047 672 1124 prologo
687 1047 811 1123 spiritus
826 1044 918 1106 halitu

337 1133 476 1192 inmixtus
492 1131 608 1192 nebulis
621 1131 709 1191 cessit
724 1132 754 1190 iu
771 1149 840 1190 aera

337 1225 365 1275 et
381 1217 491 1277 nudum
507 1217 600 1293 tetigit
616 1215 733 1278 subdita
750 1215 797 1276 lar
814 1214 910 1276 latus?
1080 1228 1101 1272 r.
1115 1224 1191 1266 xxvio
1204 1223 1234 1270 asu

278 1388 285 1406 '
379 1384 1130 1463 Quicquidsolorieusquicquidetoecidens

336 1472 433 1540 uouit,
451 1468 595 1530 caeruleis
610 1469 747 1536 Oceanus
763 1469 847 1530 iretis

336 1554 515 1634 quicquid
532 1553 578 1613 bis
594 1555 716 1614 ueniens
731 1557 776 1616 bis
792 1555 908 1631 fugiens
923 1554 1017 1623 lauat,

336 1651 416 1700 aetas
432 1656 559 1718 pegaseo
576 1640 721 1717 conripiet
736 1639 839 1716 gradu.

382 1806 456 1877 Quo
471 1808 588 1884 bissena
604 1807 707 1868 uolani
720 1808 816 1868 sidera
833 1808 967 1876 turbiue,

337 1913 407 1974 quo
422 1912 513 1954 cursu
527 1902 669 1971 properat
686 1892 810 1953 uoluere
826 1893 944 1954 saecula

337 1987 483 2040 astrorum
501 1977 652 2045 domiuus,
669 1995 740 2057 quo
756 1986 899 2056 properat
915 1979 1003 2039 modo

338 2063 464 2142 obliquis
481 2063 589 2125 llecate
604 2080 726 2122 currere
741 2061 885 2125 llexibus:

281 2238 288 2257 '
382 2232 444 2293 lloc
459 2250 563 2293 omues
579 2232 704 2310 petimus
720 2232 776 2291 iata
794 2251 850 2293 uec
866 2232 991 2311 amplius

337 2322 449 2381 iuratos
463 2319 580 2396 superis
595 2318 646 2396 qui
661 2317 758 2394 tetigit
773 2315 870 2385 lacus,

338 2422 461 2484 usquam
477 2410 531 2463 est
562 2409 594 2462 ut
609 2400 710 2462 calidis
727 2401 825 2463 lomus
840 2402 877 2464 ab
894 2403 1015 2481 ignibus

338 2490 470 2550 uauescit
485 2490 610 2567 spatium
628 2505 680 2566 per
698 2486 789 2547 breue
805 2488 958 2558 sordidus,

281 2661 296 2681 ''
383 2661 417 2721 vt
433 2658 525 2718 nubes
540 2657 678 2736 grauidas
694 2674 767 2734 quas
784 2656 871 2717 utorio
888 2657 1017 2719 uidimus

339 2745 432 2806 arctoi
448 2744 560 2804 Boreae
576 2743 687 2803 dissicit
702 2743 844 2821 impetus:

339 2832 381 2893 sic
396 2831 445 2890 bic
459 2847 518 2907 quo
535 2829 665 2906 regimur
680 2828 801 2905 spiritus
820 2826 931 2888 ellluet.

304 3035 505 3048 ...-..--—-

365 3170 415 3219 384
434 3168 520 3217 tristis
539 3167 564 3217 Ε
582 3168 676 3217 tristes
697 3163 744 3232 ΑΙΙ
756 3168 804 3217 387
824 3165 865 3214 An
886 3166 909 3215 Α
929 3181 962 3215 ac
981 3163 1008 3229 (e
1027 3168 1055 3216 in
1067 3162 1132 3229 ras.)
1151 3159 1180 3211 Εἓ
1196 3154 1202 3221 ll

297 3240 347 3289 390
365 3234 456 3285 subita
473 3232 520 3301 ψΗ
536 3238 585 3285 393
605 3234 647 3285 bis
665 3234 779 3283 ueniens
799 3237 827 3283 et
846 3232 865 3285 f.
885 3234 910 3282 E
932 3230 990 3297 (uel
1003 3234 1022 3284 f.
1035 3233 1061 3283 E
1076 3242 1092 3282 t.
1106 3226 1201 3290 IGron.)

298 3306 340 3354 bis
359 3319 385 3352 u.
404 3303 456 3351 bis
474 3304 492 3353 f.
514 3302 700 3366 Henneberyer
718 3301 761 3351 uel
780 3316 805 3352 u.
826 3299 871 3350 uel
890 3300 912 3350 f.
931 3301 955 3351 Α
973 3297 985 3367 ss
1003 3302 1082 3353 labat
1102 3296 1145 3365 llll
1160 3296 1200 3349 395

299 3409 347 3457 Bis
366 3380 419 3469 qub
450 3403 478 3467 (s
496 3408 579 3455 deleto
599 3406 677 3453 tertia
695 3400 743 3465 m.)
770 3401 792 3449 Ε
821 3398 832 3467 ll
862 3406 966 3451 uocant
985 3394 1022 3451 E'
1053 3396 1181 3454 eorrsE³
1195 3401 1200 3453 l

298 3478 349 3528 396
368 3472 479 3523 uoluere
498 3472 593 3522 secula
612 3472 636 3519 Ε
658 3470 756 3521 secula
773 3470 885 3520 uoluere
905 3466 950 3535 ΑΙ
981 3472 1031 3523 398
1051 3464 1182 3521 aecstell
1195 3459 1202 3523 lf

298 3547 349 3597 399
368 3543 460 3591 Ηοοε
490 3541 611 3590 llaecA
642 3536 654 3605 ll
682 3540 732 3589 402
751 3538 917 3601 sordibusve
947 3536 951 3604 Ι
987 3541 1038 3591 404
1058 3530 1201 3588 dissioatE

299 3609 467 3663 dissimum
485 3608 646 3672 dissipetA
675 3603 687 3671 ll
