2750 4250
511 337 711 386 PRAEFATIO
1027 340 1088 387 xm

147 499 245 574 praei:
277 495 419 555 ‘nostrum
436 498 544 572 quidem
561 500 695 572 tragicum
715 499 753 554 ita
768 499 899 572 probauit
912 498 975 555 ioh.
988 498 1088 573 Regio·

147 592 288 641 montanus
318 578 455 660 [loannes
482 583 595 640 Mueller
620 599 647 640 n.
673 582 897 658 Koenigsbergae
921 584 1087 641 Francorum

149 662 488 745 1436†u0mae1476]
510 668 718 726 mathematicus
739 669 887 730 excellens,
910 676 941 725 ut
962 686 1011 725 sua
1026 685 1088 726 cum

148 771 219 811 manu
235 753 385 827 diligenter
405 761 433 810 et
448 762 563 810 uenuste
578 754 763 828 descripserit.
794 771 875 828 quem
894 753 996 811 librum
1016 753 1088 829 apud

149 839 288 913 Georgium
311 837 467 912 Agricolam
487 839 656 913 praeclarum
679 838 875 913 philosophum
901 855 980 896 ame
998 841 1088 895 uisum

149 924 300 980 adolescens
315 922 422 980 contuli
437 941 461 980 e.
478 941 504 998 q.
520 924 557 980 s.’
592 923 631 980 Er
652 924 748 981 eodem
763 925 857 982 codice
873 924 984 982 uidetur
997 924 1089 1000 perio·

148 1011 203 1066 chas
218 1009 423 1082 tragoediarum
440 1010 549 1064 nomine
560 1009 652 1065 Lutati
668 1011 836 1081 grammatici
851 1009 998 1082 insignitas
1014 1004 1088 1084 (sunt

149 1102 229 1150 antem
249 1093 387 1149 Albertini
408 1088 529 1166 Musseti)
557 1093 745 1168 descripsisse.
789 1093 948 1151 Fabriciana
968 1093 1088 1150 conlatio

149 1179 301 1234 adseruntur
317 1178 345 1233 in
360 1176 524 1235 bibliotheca
540 1179 682 1235 liresdensi
704 1175 843 1236 ‘Senecae
858 1179 1016 1252 tragoediae
1029 1178 1087 1234 lias.

150 1263 275 1320 151911ο
298 1279 363 1320 curn
384 1264 468 1319 uariis
489 1263 564 1321 lectt.
586 1281 601 1319 a
624 1263 655 1319 G.
676 1261 802 1321 Fabricio
827 1281 843 1320 e
862 1265 923 1322 cod.
946 1281 996 1320 ms.
1017 1279 1088 1318 anno

151 1348 221 1406 1538
243 1349 383 1405 enotatis'
411 1365 437 1403 u.
457 1347 540 1405 Ebert
561 1348 657 1406 Gesch.
680 1366 708 1405 u.
728 1348 837 1404 sescla.
857 1349 884 1406 1.
907 1348 999 1406 ltresd.
1020 1347 1088 1406 Bibl.

202 1539 398 1601 Antonias
417 1539 550 1601 Delrio
571 1543 624 1615 (ert.
643 1543 724 1602 1576
741 1552 769 1600 et
785 1542 879 1616 1593)
900 1545 952 1600 hos
967 1541 1089 1598 adhibuit

150 1628 238 1685 libros:
253 1627 492 1701 Aquitanicus
507 1645 542 1683 m.
554 1647 575 1684 s.
592 1623 705 1703 ‘quibus
720 1645 782 1685 sum
795 1636 893 1702 postea
907 1627 987 1684 usus’
1004 1624 1088 1697 (com-

151 1722 221 1771 ment.
243 1713 276 1770 ad
299 1713 362 1770 Oct.
383 1711 472 1785 405),
500 1712 736 1787 lugdunense
763 1713 900 1788 exemplar
921 1729 946 1768 a.
970 1710 1052 1768 1536
1074 1726 1089 1765 a

151 1797 276 1856 ludouieo
287 1797 421 1854 Carrione
436 1798 492 1854 lcto
508 1795 546 1870 (u.
561 1797 642 1855 1547
656 1797 679 1869 †
691 1797 784 1870 1597)
800 1815 862 1854 cum
876 1813 916 1854 ιιι
930 1796 1007 1854 codd.
1023 1812 1089 1852 mss.

152 1882 253 1956 Belgicis
275 1882 431 1946 conlatum,
453 1882 602 1956 exquibus
618 1883 776 1940 Tusauus
796 1884 954 1940 nominatur
974 1881 1006 1937 ad
1022 1881 1088 1937 (led.

153 1967 201 2023 871
222 1967 341 2040 (comm.
364 1985 391 2040 p.
416 1965 509 2038 132),
537 1967 830 2042 burdegalensem
856 1967 889 2023 ab
913 1967 971 2023 Elia
991 1967 1089 2023 Vineto

153 2068 300 2110 eoncessum
325 2069 382 2108 nou
406 2060 494 2108 tamen
514 2053 652 2127 integrum
673 2052 782 2126 (comm.
799 2071 827 2128 p.
843 2052 915 2127 301)
937 2049 1088 2108 ‘belria-
1206 2126 1209 2132 Ι

154 2140 233 2194 nom'
247 2141 291 2196 cui
304 2155 395 2213 pauca
410 2140 489 2194 initio
505 2145 533 2195 et
548 2136 601 2195 fine
618 2138 711 2195 foliola
726 2139 840 2196 deerant
855 2138 890 2211 (is
900 2146 958 2196 erat
968 2139 1089 2211 optimus

155 2225 259 2280 omnium
275 2224 380 2298 quihus
397 2222 484 2279 belrio
500 2241 566 2280 usus
583 2223 650 2297 est),
671 2224 861 2298 Eguiauum
881 2221 913 2298 (s.
929 2222 1089 2280 Gbauuinia·

155 2324 207 2363 num
221 2327 241 2365 s.
257 2302 464 2381 Milangianum)
487 2324 567 2383 quem
583 2309 675 2366 Simon
691 2309 836 2384 llilangius
853 2317 962 2383 typogr.
979 2322 1090 2364 conmo-

156 2392 218 2448 lanit
236 2394 359 2449 belrioni
381 2401 522 2467 acceptum
544 2394 616 2451 aJo.
638 2394 789 2450 Chauuinio
809 2393 935 2468 praeside
954 2392 1088 2465 liguiano.

157 2476 396 2552 lloguutinum,
413 2495 494 2553 quern
510 2479 648 2552 integrum
664 2479 730 2535 dicit
746 2478 794 2535 sed
808 2495 924 2553 prorsus
940 2484 1086 2533 recentem.

157 2561 341 2619 adseruabatur
366 2564 395 2617 in
422 2562 549 2636 conlegio
576 2563 715 2619 societatis
736 2564 797 2619 lesu
821 2562 1011 2637 moguntiaco,
1041 2560 1089 2616 ubi

159 2652 231 2703 tarueu
245 2648 329 2705 bodie
347 2649 382 2702 sit
397 2648 528 2703 nescitur.
559 2650 672 2704 maxime
688 2655 731 2704 est
745 2646 929 2722 interpolatus
941 2663 991 2703 uec
1005 2644 1089 2700 ullius

159 2734 232 2802 pretii.
262 2731 378 2789 Accedit
392 2731 462 2787 liber
477 2731 712 2789 Winclteliani
728 2733 846 2806 conlegii
866 2729 1046 2787 bononiensis
1062 2738 1090 2784 et

160 2814 332 2875 Vaticanus
362 2817 461 2891 ‘quem
483 2817 566 2873 semel
589 2826 693 2873 tautum
718 2816 880 2891 inspiciendi
903 2816 968 2870 mihi
990 2814 1089 2869 Romae

161 2901 322 2958 otiumiuit'.

209 3018 224 3077 J
233 3022 340 3078 ustus
360 3016 514 3094 Lipsius
540 3019 642 3094 (praei.
666 3021 747 3078 1587
769 3020 812 3075 ed.
835 3015 934 3089 1588)
961 3034 1027 3073 usus
1048 3025 1090 3073 est

162 3100 303 3161 llelisseo
322 3121 403 3179 quem
419 3124 433 3159 a
450 3104 533 3161 Paulo
545 3105 659 3161 Scbedio
672 3105 780 3161 llelisso
796 3104 868 3160 dono
884 3110 1029 3177 acceperat
1044 3100 1089 3174 (cl.

165 3186 218 3261 lipsi
234 3191 320 3264 prael.
341 3190 374 3246 ad
390 3189 515 3263 ttaphet.)
537 3199 564 3245 et
580 3189 774 3245 Orteliauo.
819 3187 910 3245 llultis
931 3206 998 3245 uero
1020 3188 1089 3245 loeis

164 3272 198 3327 ubi
215 3275 331 3331 ‘librum
354 3275 451 3331 suum’
478 3283 663 3332 conmemorat
683 3282 775 3329 utrum
792 3273 893 3329 librum
914 3273 986 3331 dicat
1006 3272 1091 3329 ambi·

166 3372 229 3426 guum
255 3369 310 3425 est;
341 3376 505 3434 quamquam
533 3359 697 3433 aliquotiens
727 3359 760 3416 de
786 3358 916 3417 Orteliani
943 3357 1089 3433 scripturis

167 3438 344 3519 lapheleugius
360 3462 412 3501 nos
429 3444 561 3501 certiores
577 3445 651 3502 iacit.

213 3552 263 3611 Fr.
278 3551 575 3629 Raphelengius
596 3552 692 3628 (prael.
709 3553 791 3611 1588
806 3554 849 3609 ed.
869 3552 961 3624 1589)
981 3559 1091 3626 praeter

170 3634 287 3695 lbralrami
310 3640 424 3697 Orteli
448 3640 546 3696 librum
569 3641 646 3696 cuius
668 3640 804 3695 lectiones
825 3637 912 3711 Rapb.
940 3637 971 3693 ad
993 3638 1091 3708 margi·
