2750 4250
553 322 675 370 Munna

153 407 169 434 1

172 468 273 527 minora
288 465 398 526 meritis
413 465 518 543 patiar.
537 497 574 508 -
591 464 740 541 ingratum
757 472 855 542 caput.

173 552 218 612 tibi
230 553 318 631 patria
334 550 422 611 cessit
438 548 489 609 tibi
505 556 590 627 pater
606 548 697 608 haten
713 548 819 627 pudor.

144 662 157 695 e
207 636 343 698 Reuoluat
357 637 474 696 animus
488 635 591 712 igneos
606 633 681 693 tauri
699 631 806 694 halitus

171 895 294 968 interque
308 907 415 951 saeuos
430 889 527 965 gentis
542 887 702 948 indomitae
718 895 815 948 metus

171 976 322 1056 [armifero
336 980 368 1036 in
383 992 463 1036 aruo
474 978 644 1049 flammeum
660 975 773 1033 Aeetae
781 972 891 1054 pecus]

170 1062 308 1139 hostisque
323 1060 411 1120 subiti
427 1059 499 1119 tela:
523 1076 591 1118 cnm
606 1059 710 1117 iussu
728 1076 793 1118 meo

172 1148 307 1223 terrigena
321 1144 406 1204 miles
422 1151 524 1204 mutua
541 1142 631 1203 caede
647 1141 765 1203 occidit.

144 1228 162 1286 e'
205 1231 291 1290 Adice
305 1231 431 1308 expetita
447 1227 541 1307 spolia
556 1227 671 1305 phrixei
687 1227 787 1288 arietis

171 1333 321 1394 somnoque
335 1317 475 1375 iussum
491 1313 602 1373 lumina
618 1315 721 1391 ignoto
737 1312 808 1372 dare

170 1401 294 1460 insomne
308 1408 491 1467 monstrum,
509 1398 648 1459 traditum
665 1398 787 1458 tratrem
805 1398 872 1458 neci

170 1495 194 1544 et
207 1484 315 1546 scelere
329 1486 360 1544 in
374 1503 435 1544 uno
450 1502 511 1543 non
526 1481 618 1544 semel
634 1484 745 1544 iactum
761 1481 859 1544 scelus

171 1572 359 1648 iussosque
374 1577 460 1628 natas
475 1568 578 1628 fraude
594 1569 735 1644 deceptas
750 1585 815 1628 mea

171 1673 261 1716 secare
277 1653 409 1716 membra
425 1671 485 1712 non
501 1653 645 1713 reuicturi
660 1652 749 1713 senis.

145 1746 159 1794 d
206 1739 304 1800 Aliena
319 1756 466 1818 quaerens
481 1756 572 1816 regna
589 1738 707 1798 deserui
723 1755 798 1798 mea.
968 1750 990 1792 r.
1006 1751 1074 1792 uvnr
1092 1745 1145 1794 480

172 1842 217 1901 per
230 1843 295 1904 spes
309 1834 427 1885 tuorum
443 1822 570 1884 liberum
586 1830 746 1883 etcertum
762 1821 871 1891 larem.

172 1928 218 1986 per
230 1911 305 1970 uicta
320 1915 468 1978 monstra,
486 1926 540 1987 per
555 1926 660 1968 manns
677 1925 731 1985 pro
749 1912 776 1966 te
793 1905 901 1983 quibus

172 2011 319 2074 numquam
334 1995 457 2073 peperci
472 2010 584 2072 perque
601 1994 778 2069 praeteritos
794 1999 905 2064 metus,

174 2096 219 2155 per
234 2080 344 2141 caelum
361 2089 391 2140 et
406 2078 500 2139 undas
515 2078 634 2157 coniugi
651 2086 742 2139 testes
757 2076 816 2137 mei

174 2166 311 2226 miserere.
341 2164 457 2225 redde
473 2162 639 2243 supplici
654 2162 723 2223 ieiix
740 2164 871 2224 uicem.

148 2246 167 2302 d'
210 2250 248 2309 Ex
264 2250 369 2329 opibus
383 2249 441 2311 illis·
457 2268 531 2329 quas
545 2248 650 2326 procul
665 2254 766 2326 raptas
782 2246 910 2328 Scythae

174 2352 254 2412 usque
269 2354 285 2395 a
300 2336 429 2413 perustis
443 2334 545 2394 Indiae
559 2334 678 2412 populis
693 2342 785 2410 agunt

175 2436 235 2494 quas
249 2421 313 2498 quia
329 2420 439 2480 referta
457 2422 507 2479 uix
523 2418 629 2479 domus
644 2435 731 2495 gazas
746 2418 824 2495 capit

175 2521 300 2565 ornamus
315 2523 388 2565 auro
404 2522 544 2573 nemora,
561 2501 602 2564 nil
618 2502 685 2563 exui
701 2501 754 2562 tuii

175 2589 220 2647 nisi
233 2590 328 2650 fratris
344 2600 441 2659 artus,
457 2590 514 2650 hos
529 2607 647 2667 quoque
663 2587 785 2665 inpendi
802 2587 869 2658 tibi,
1095 2596 1147 2644 490

175 2670 220 2733 hac
233 2674 297 2735 dote
313 2676 409 2752 nupsi.
439 2674 556 2735 redde
570 2673 735 2751 fugienti
751 2690 825 2732 sua.
1096 2681 1146 2729 492

153 2776 164 2809 o
211 2772 269 2821 lae.
292 2761 444 2821 Perimere
460 2777 525 2819 cum
542 2766 571 2818 te
586 2757 677 2819 ueiiet
692 2757 816 2818 infestus
832 2756 907 2819 Creo

177 2840 289 2905 lacrimis
305 2846 380 2905 meis
396 2844 510 2905 euictus
527 2843 647 2904 exilium
664 2842 753 2902 dedit.

178 2940 247 2990 nen.
270 2948 396 3008 poenam
412 2928 568 3007 putabam,
586 2946 693 2988 munus
709 2935 741 2988 ut
755 2926 842 2988 uideo
859 2935 903 2989 est
919 2926 1017 3006 iuga.
1095 2935 1145 2984 495

179 3072 365 3085 5-—

229 3153 275 3201 491
293 3152 342 3200 huc
353 3152 523 3200 reuocandum
537 3150 634 3199 censuit
646 3149 712 3200 R.P.
729 3144 741 3213 ΙΙ
760 3148 813 3197 tibi
824 3148 914 3198 frater
925 3148 951 3197 E
967 3148 1020 3199 tibi
1032 3164 1079 3199 om.

178 3214 270 3281 Aii47⁰
282 3220 412 3283 referque
431 3221 463 3268 ci.
476 3218 671 3282 Henneherper,
690 3220 804 3267 lacunam
821 3218 912 3266 statuit
929 3217 995 3267 ΕΡ.
1007 3214 1019 3283 Η
1030 3219 1079 3267 471

178 3284 244 3335 oethe
254 3291 294 3337 uel
312 3292 412 3349 oeteo
431 3291 513 3355 cetae
526 3286 552 3335 Ε
569 3286 676 3334 Aeetae
690 3300 709 3334 α
727 3286 791 3334 huno
808 3302 833 3333 u.
851 3291 910 3335 ante
921 3288 973 3335 469
984 3301 1081 3350 ponen-

179 3350 285 3405 danesse
304 3363 391 3405 censet
403 3355 598 3419 Henneberper‚
617 3369 663 3418 epo
682 3354 814 3402 delendum
832 3354 903 3403 dumi.
917 3348 929 3419 Η
940 3354 991 3405 475
1009 3368 1081 3403 eum-

180 3432 259 3484 moque
273 3423 297 3471 Ε
315 3438 464 3487 somnoque
478 3424 503 3472 Α
515 3418 527 3489 Η
539 3423 589 3472 478
602 3436 745 3485 ausosque
764 3424 796 3469 ei.
812 3420 886 3473 NHs.
899 3418 911 3487 Η
922 3423 972 3472 480
985 3421 1082 3471 alienu

180 3498 320 3555 tequeneop
345 3490 496 3553 alienaque
515 3504 633 3554 sequens
652 3505 671 3538 α
698 3489 791 3539 eliens
811 3504 930 3553 querens
949 3489 974 3538 E
997 3486 1009 3555 ΙΙ
1031 3491 1082 3541 487

181 3561 262 3614 petunt
278 3561 303 3609 Α
322 3563 409 3625 agunt
426 3557 452 3606 E
468 3556 480 3625 ΙΙ
497 3560 547 3609 488
566 3572 692 3621 quaeque
711 3557 818 3607 referte
834 3564 858 3621 ψ
877 3558 981 3607 referte
1000 3570 1083 3619 quae-

182 3627 255 3684 quod
273 3642 342 3691 ques
355 3628 422 3691 quia
433 3626 539 3677 referta
552 3625 576 3675 Ε
588 3621 600 3692 ΙΙ
617 3627 666 3676 491
679 3628 812 3676 conlocaui
823 3632 882 3676 aute
894 3644 919 3675 u.
933 3627 991 3675 469.
1004 3620 1017 3689 ΙΙ
