2750 4250
282 281 343 345 108
552 295 584 344 n.
609 294 743 344 annsnr
765 293 923 344 snusosn

282 454 341 496 uno
357 436 423 497 auia
438 443 527 514 partu
541 435 653 496 liberos
667 436 785 514 peperit
799 435 865 496 uiro

282 538 316 583 ao
332 520 387 581 sibi
402 527 536 598 nepotes.
561 527 694 582 monstra
711 521 776 598 quis
791 528 872 582 tanta
888 517 1034 597 explieat?

283 624 337 684 ego
354 607 418 684 ipse
432 608 527 667 uiolae
542 605 634 684 spolia
651 607 702 684 qui
718 605 856 684 Sphingis
871 604 936 676 tuli,

281 690 412 752 haerebo
429 691 479 751 lati
494 691 596 752 lardus
609 693 759 768 interpres
774 693 842 752 mei.

248 768 270 825 θ’
325 778 396 838 Ant.
443 769 472 849 (ᾖ
497 821 933 837 .........

250 1200 268 1249 b
326 1199 431 1276 Oedip.
448 1199 524 1272 Quid
539 1200 639 1277 perdis
654 1198 731 1260 ultra
746 1199 858 1260 uerbai
875 1201 944 1279 qnid
961 1209 1066 1278 pectus
1081 1198 1166 1261 lerum
1202 1203 1240 1251 uo

281 1283 395 1345 mollire
410 1292 506 1347 tentas
522 1284 680 1364 precibus?
701 1284 757 1344 boc
773 1287 871 1346 animo
886 1285 971 1346 sedet
1106 1285 1108 1288 ’

281 1369 432 1431 effundere
446 1370 525 1431 bano
541 1388 608 1432 eum
623 1377 722 1432 morlo
736 1368 898 1431 luctantem
913 1371 964 1431 diu

281 1456 408 1516 animam
425 1463 455 1517 et
470 1454 610 1517 tenebras
625 1462 741 1533 petere,
766 1472 834 1515 nam
851 1455 957 1516 sceleri
971 1454 1046 1516 haee
1061 1472 1125 1516 meo

281 1557 386 1617 parurn
403 1538 461 1600 aba
477 1558 535 1601 nox
551 1547 604 1609 esl,
620 1541 746 1602 Tartaro
763 1539 851 1601 condi
865 1541 950 1601 iuuat

281 1631 310 1686 et
325 1626 350 1686 si
365 1625 435 1704 quid
451 1624 528 1686 ultra
544 1624 701 1686 Tartarum
717 1631 772 1685 est.
800 1624 919 1686 taudem
935 1624 1009 1686 libet
1205 1625 1240 1673 145

281 1709 361 1787 quod
377 1708 445 1770 olim
462 1716 588 1787 oporiet.
615 1717 712 1770 morte
728 1709 881 1788 prohiberi
897 1710 974 1771 haud
991 1727 1078 1789 queo.

241 1785 268 1844 b'
325 1794 450 1855 Ferrum
468 1793 608 1872 negabis?
625 1796 729 1855 noxias
744 1793 826 1872 lapso
842 1797 905 1856 uias

281 1876 383 1940 oludes
398 1886 427 1939 ei
441 1881 515 1940 artis
530 1877 603 1939 eolla
619 1879 731 1959 laqueis
747 1880 838 1942 inseri

280 1963 470 2042 prohibebis?
491 1963 601 2025 barbas
616 1982 691 2043 quae
707 1964 806 2025 lerunt
821 1963 915 2026 letum
931 1963 1066 2025 auieresl

282 2049 351 2129 quid
367 2050 421 2109 ista
439 2049 554 2110 tandem
572 2067 643 2110 eura
658 2049 795 2129 proficiet
808 2051 877 2110 tua?

281 2134 391 2213 ubique
407 2153 488 2196 mors
504 2143 556 2196 est.
584 2143 705 2214 optume
720 2136 778 2196 boo
794 2135 873 2196 cauit
888 2135 970 2197 deus.

282 2222 400 2299 eripere
415 2222 505 2282 uitam
522 2238 610 2281 nemo
626 2238 685 2280 non
702 2221 814 2281 homiui
830 2228 937 2302 potest,

280 2312 310 2366 at
325 2323 412 2365 nemo
427 2311 568 2366 moriem:
585 2304 664 2365 rnille
679 2306 716 2366 ad
732 2306 808 2367 bano
824 2308 920 2368 aditus
935 2314 1045 2385 patent.

229 2387 268 2447 b''
323 2389 370 2451 Nil
384 2407 510 2470 quaero:
527 2390 630 2451 dextra
646 2397 747 2451 noster
764 2399 793 2453 et
808 2391 887 2453 nuda
902 2389 977 2452 solet

281 2475 358 2536 bene
373 2475 488 2537 animus
507 2476 558 2536 uli.
585 2476 688 2537 (lextra
704 2494 784 2537 nuno
799 2484 861 2537 toto
876 2477 988 2556 impetu

280 2568 342 2621 tolo
358 2560 461 2622 dolore
476 2560 590 2623 uiribus
604 2562 674 2622 totis
691 2564 768 2621 ueni.
818 2565 819 2568 ’

280 2664 341 2706 nou
357 2646 472 2709 destino
486 2665 580 2709 unum
595 2645 713 2707 uulneri
728 2654 829 2707 nostro
845 2645 966 2707 locumz‘

280 2741 359 2793 tolus
375 2750 485 2794 nocens
500 2750 580 2792 sunr:
597 2750 655 2810 qua
671 2730 754 2793 uoles
769 2740 895 2791 mortem
912 2731 1005 2809 exige.

280 2818 404 2895 effringe
413 2824 523 2895 peetus
538 2834 648 2896 corque
663 2823 706 2877 lot
721 2815 867 2877 scelerum
884 2833 974 2895 rapax

280 2901 386 2971 euelle,
404 2909 481 2963 lotos
497 2903 645 2964 uiscerum
662 2901 740 2962 nuda
755 2903 846 2963 sinus.

239 2986 271 3044 c''
325 2988 464 3049 Fraelum
480 2989 607 3049 inritatis
623 2986 728 3048 ictibus
744 2993 846 3065 gultur
862 2991 947 3047 sonet

279 3070 454 3152 laceraeque
470 3072 536 3135 lixis
550 3070 701 3152 unguibus
716 3088 811 3132 uenae
826 3070 928 3131 ssuaut.

283 3202 483 3211 ——-—-—-

348 3260 396 3311 137
416 3276 450 3311 ae
463 3260 519 3311 sibi
531 3262 556 3310 A
575 3265 606 3311 ab
618 3267 677 3325 sur
696 3258 751 3309 sibi
770 3261 798 3309 et
810 3257 836 3307 E
860 3253 871 3323 Η
896 3257 1019 3322 explicet
1031 3254 1056 3305 A
1077 3252 1193 3321 explieat

278 3326 304 3375 E
315 3323 328 3393 Ι]
340 3330 388 3379 139
400 3328 577 3393 haereboque
589 3329 615 3379 Ε
628 3344 679 3393 que
692 3342 739 3378 om.
753 3326 788 3375 A.
808 3326 954 3389 Antiponae
966 3325 1109 3377 orationem
1120 3325 1191 3373 iuter·

279 3396 371 3446 cidisse
383 3399 448 3448 uidit
458 3396 598 3455 Swoboda,·
611 3400 726 3448 lacunam
737 3396 818 3445 statui
833 3394 859 3443 V
868 3408 984 3444 uersuum
995 3388 1068 3459 lilla
1081 3390 1159 3455 lapsu
1170 3384 1191 3436 Ε

278 3462 357 3528 lapso
370 3466 396 3515 Α
415 3482 494 3517 saxa
512 3466 635 3531 lapsuro
653 3464 740 3515 inuis
758 3466 790 3513 ei.
804 3462 880 3512 NHs.
902 3463 914 3527 ΙΙ
935 3462 984 3513 156
1002 3460 1116 3510 conieci:
1133 3458 1191 3507 tous

279 3546 335 3582 rue
359 3531 370 3601 ΙΙ
394 3537 442 3587 157
462 3534 577 3587 destina
595 3535 626 3587 ci.
641 3534 717 3583 NHs.
742 3527 753 3598 ll
779 3532 827 3581 160
851 3544 950 3593 eorpus
970 3542 1070 3593 corque
1089 3542 1111 3579 so
1128 3536 1190 3577 corr.

279 3598 354 3654 NH&
378 3600 391 3671 ss
414 3607 462 3657 162
480 3604 629 3655 laceraeue
648 3604 673 3652 Α
701 3600 868 3663 laceraeque
888 3596 913 3645 Ε
934 3594 946 3663 Η
