2750 4250
299 334 362 401 326
687 348 831 398 mercari
859 396 864 403 .

300 509 316 551 a
332 487 445 569 paelice
460 506 600 569 umquam
616 488 743 550 barbara
760 489 879 552 caelebs
893 500 993 562 torus,

299 574 426 636 ablatam
443 572 547 635 Achilli
563 572 656 653 diligit
671 574 832 654 Lyrnesida

299 676 355 721 nec
370 676 477 737 rapere
492 660 598 738 puduit
613 678 630 720 e
644 661 711 720 sinu
727 659 860 721 auulsam
876 662 945 721 uiri.

343 744 387 804 En
402 744 517 806 Paridis
532 744 655 806 hostem.
687 762 767 806 nuuc
782 764 893 806 nouum
910 745 1019 808 uulnus
1033 764 1125 825 gerens
1240 739 1244 810 l

300 847 402 891 amore
417 830 560 909 phrygiae
576 831 652 891 uatis
665 831 808 891 incensus
822 831 894 891 lurit
1197 844 1225 891 ut
1240 843 1244 945 Ι

300 922 331 975 et
345 924 414 993 post
427 921 548 992 tropaea
563 917 657 975 troica
673 932 709 975 ac
723 933 844 976 uersum
859 915 947 977 Ilium
1241 948 1244 1015 y

301 1007 404 1078 captae
421 1000 547 1061 maritus
561 1008 677 1059 remeat
692 1009 722 1059 et
736 1000 846 1061 Priami
861 1018 965 1079 generi

314 1148 318 1157 ,
346 1084 511 1161 Accingere
527 1085 638 1145 anime:
662 1083 740 1146 bella
755 1102 814 1144 non
829 1084 906 1147 leuia
923 1104 1057 1166 apparas.

300 1166 399 1229 scelus
414 1168 619 1248 occupandum
635 1177 687 1230 est.
718 1170 801 1249 pigra
818 1187 905 1248 quem
924 1182 1061 1250 expectas
1074 1172 1156 1233 dieml

300 1251 416 1332 pelopia
432 1253 573 1332 phrygiae
589 1262 706 1332 sceptra
722 1254 791 1316 dum
807 1262 929 1317 teneant
945 1258 1055 1319 nurus?
1202 1264 1229 1311 ru

301 1356 338 1400 au
355 1348 383 1399 te
399 1347 553 1399 morantur
567 1339 699 1416 uirgines
712 1339 820 1401 uiduae
836 1341 915 1401 domi

300 1423 437 1502 patrique
454 1422 574 1484 Orestes
590 1421 712 1485 similis?
735 1424 842 1485 horum
858 1431 888 1486 te
902 1425 978 1487 mala

300 1516 428 1568 uentura
443 1515 584 1569 moueant
597 1508 688 1569 turbo
704 1510 770 1586 quis
785 1527 887 1569 rerum
903 1513 1036 1571 inminet.

346 1590 423 1662 Quid
437 1593 546 1661 misera
561 1594 679 1654 cessas?
703 1611 740 1653 en
755 1593 839 1654 adest
854 1596 950 1671 gnatis
967 1598 1023 1658 tuis

299 1677 403 1738 lurens
418 1695 560 1739 nouerca.
590 1686 758 1758 portuum,
775 1680 800 1740 si
815 1678 900 1741 aliter
913 1684 1028 1759 nequit,
1203 1684 1232 1733 tol

300 1761 376 1823 latus
392 1764 525 1839 exigatur
541 1764 621 1823 ensis
636 1770 666 1824 et
680 1765 808 1841 perimat
823 1764 906 1826 duos.
1242 1765 1243 1796 ³

299 1848 392 1908 misce
407 1865 560 1919 cruorem,
577 1847 670 1927 perde
685 1850 840 1927 pereundo
854 1851 963 1911 uirum.

299 1950 381 1993 mors
398 1933 506 1993 misera
522 1950 581 1992 non
599 1940 643 1993 est
658 1934 793 1993 conmori
809 1952 877 1994 cum
893 1952 953 2014 quo
968 1934 1052 1996 uelis.

342 2031 444 2077 nvrn.
467 2016 581 2095 Regina
596 2017 681 2077 trena
697 2025 788 2079 temet
803 2026 833 2079 et
847 2021 918 2079 siste
933 2022 1073 2100 impetum
1239 2077 1243 2093 ,

300 2108 454 2181 etquanta
469 2108 611 2182 temptes,
628 2104 732 2182 cogita.
763 2104 861 2164 uictor
876 2106 958 2166 uenit
1207 2104 1244 2181 llll

300 2187 386 2248 Asiae
401 2187 508 2248 lerocis
523 2187 602 2249 ultor
617 2189 769 2268 Europae,
786 2190 878 2250 trahit
1241 2194 1244 2203 '

301 2273 418 2350 captiua
433 2269 578 2349 Pergama
594 2281 624 2334 et
638 2273 689 2335 diu
703 2275 799 2334 uictos
814 2273 956 2354 Phrygas.

300 2356 381 2417 hunc
397 2355 501 2417 lraude
516 2375 595 2419 nunc
611 2359 729 2418 conaris
745 2368 773 2419 et
789 2359 869 2419 lurto
885 2361 1029 2437 aggredi·

343 2441 436 2513 Quem
454 2459 513 2501 non
530 2441 657 2504 Achilles
672 2461 742 2504 ense
757 2442 881 2504 uiolauit
895 2444 975 2514 lero,

298 2528 433 2605 quamuis
448 2543 606 2606 procacem
623 2535 730 2588 toruus
744 2536 889 2590 armasset
903 2547 1040 2606 manum,
1209 2527 1238 2577 '21⁰

298 2629 357 2671 non
372 2611 478 2671 melior
492 2612 564 2672 Aiax
580 2620 677 2672 morte
693 2613 813 2674 decreta
828 2615 946 2685 furens,

297 2714 357 2756 nou
373 2694 435 2757 sola
450 2697 557 2757 Danais
572 2695 682 2757 llector
698 2706 727 2758 et
742 2696 820 2758 bello
836 2717 933 2774 mora,

297 2795 357 2842 nou
373 2780 429 2842 tela
445 2778 559 2842 Paridis
575 2788 670 2852 certa,
686 2799 747 2842 uon
763 2783 902 2844 Memnon
917 2785 1004 2863 niger

296 2883 357 2926 non
373 2865 507 2928 Xanthus
523 2866 612 2927 armis
627 2883 755 2944 corpora
769 2868 893 2944 inmixta
908 2885 1061 2946 aggerans

296 2950 463 3032 fluctusque
479 2951 587 3013 Simois
602 2951 693 3012 caede
708 2969 877 3031 purpureos
892 2970 998 3032 agens,
1209 2949 1240 2999 2¹⁵

299 3098 501 3108 —-----

366 3175 415 3224 186
427 3174 549 3226 barbara
563 3171 656 3224 celebs
668 3172 695 3222 E
706 3173 901 3237 Reprornontam'
910 3173 976 3224 tiber
987 3175 1010 3225 R
1022 3191 1069 3241 mg.
1079 3191 1122 3240 pr.
1132 3188 1160 3223 ro.
1179 3169 1198 3218 b·

297 3257 336 3294 ac
351 3256 373 3291 c.
385 3242 461 3292 NHr.
473 3241 518 3292 uel
531 3257 596 3292 suus
610 3240 723 3292 caelebs
734 3241 760 3292 Α
770 3237 780 3306 ll
789 3243 837 3293 tat
849 3241 1007 3306 Lyrnesida
1017 3244 1043 3294 Ε
1054 3236 1199 3292 Briseidarl
1246 3258 1248 3339 y

296 3308 447 3361 briseidam
470 3318 493 3374 ψ
553 3311 602 3360 188
621 3309 746 3360 auuleam
763 3309 789 3360 E
817 3308 928 3360 uulaam
946 3309 971 3359 Α
996 3306 1008 3376 ll
1032 3312 1080 3362 189
1097 3309 1199 3360 Homo
1246 3354 1248 3397 Ι

296 3379 339 3428 Eu
357 3378 463 3442 rapidis
480 3377 507 3426 E
542 3381 592 3429 200
610 3377 693 3428 aliter
710 3377 736 3426 E
748 3377 825 3428 IPal.
844 3376 923 3429 aliud
940 3378 966 3428 Α
985 3377 1090 3442 aliquid
1107 3371 1150 3440 pli
1160 3372 1198 3424 202

294 3445 379 3511 perdo
398 3444 534 3510 perfunde
551 3445 577 3494 E
588 3441 600 3510 Η
612 3445 662 3495 205
678 3449 800 3509 temptes
810 3446 836 3495 Ε
854 3450 949 3498 tentas
966 3448 991 3497 Α
1004 3442 1016 3512 Η
1027 3448 1079 3498 208
1096 3448 1124 3495 et
1139 3442 1199 3494 furto

294 3513 321 3564 Ε
332 3513 373 3564 ΛΕ
385 3514 580 3578 Regiomontam'
588 3513 662 3562 tiber.
687 3513 789 3564 insane
806 3529 886 3580 aggr.
905 3515 930 3564 Α
947 3510 1027 3580 {1214
1045 3506 1197 3564 immixtiaA

294 3582 425 3717 immixtau
443 3581 492 3646 Εψ
527 3577 539 3646 ΙΙ
572 3594 672 3646 gerens
696 3596 718 3630 ω
752 3595 899 3648 aggerens
926 3582 1025 3635 IGron.
1060 3587 1198 3647 aggerant

292 3665 390 3714 acrrpar
