2750 4250
547 323 747 372 PRAEFATIO
1070 325 1122 373 vn

171 494 326 561 temporum
348 483 394 542 uel
415 483 588 542 librariorum
611 485 728 542 iniuriae
752 477 939 555 tribuisse*).
983 484 1068 542 lmmo
1089 493 1122 543 ut

170 589 219 646 pro
246 569 447 646 dittographiis
473 568 558 626 multa
585 586 680 626 eorum
708 585 778 645 quae
806 567 972 627 exclusimus
997 568 1122 627 babenda

172 664 243 720 sunt.
260 656 300 712 ita
315 673 372 713 non
388 672 492 730 paucos
507 670 605 712 uersus
621 655 752 712 ambitum
769 655 961 729 stropharum,
977 654 1077 729 quibus
1093 662 1121 711 et

170 743 196 798 in
212 740 346 799 diuerbiis
362 748 391 797 et
406 739 433 796 in
451 739 613 796 carminibus
628 749 710 814 poeta
732 740 885 796 orationem
901 739 1058 815 discripsit,
1075 757 1121 796 su·

169 845 218 901 pra
242 827 347 882 iustum
364 825 474 882 modum
496 833 630 900 augentes
645 825 678 882 ab
700 827 761 900 ipso
777 834 858 900 poeta
880 824 1042 881 arbitramur
1056 841 1121 899 pro·

170 911 257 967 lectos
278 926 340 966 esse
362 909 451 982 (uelut
465 909 488 966 H
503 909 564 968 552
582 909 642 968 745
659 910 719 968 791
737 909 830 982 alios).
853 911 900 984 qui
923 910 1031 984 quidem
1053 911 1121 966 sori·

169 995 249 1052 bendi
265 997 372 1069 impetu
388 995 519 1077 abreptus
536 996 648 1054 eandem
662 1013 720 1052 rem
736 1014 789 1071 qua
812 1003 870 1052 erat
885 993 979 1070 ingeni
994 995 1120 1052 ubertate
1224 1047 1232 1061 Ι

170 1080 302 1137 uariando
322 1088 350 1136 et
371 1079 433 1136 aliis
456 1073 548 1138 uerbis
572 1081 672 1138 iterum
694 1089 722 1138 et
742 1082 850 1155 saepius
871 1079 1043 1137 inlustrando
1065 1097 1120 1136 non

170 1181 320 1240 numquam
342 1166 432 1238 legem
454 1164 528 1222 illam
544 1183 623 1240 quam
642 1168 702 1242 ipse
718 1165 770 1222 sibi
786 1163 935 1240 scripserat
950 1165 1120 1240 strophicam

170 1251 290 1308 uiolasse
320 1249 517 1307 existimandus
542 1259 593 1308 est.
638 1249 711 1318 Quae
739 1250 834 1308 menda
861 1252 885 1306 si
912 1251 1067 1323 tragoedias
1092 1253 1120 1307 in

170 1335 343 1392 emendatum
360 1335 499 1410 exemplar
514 1344 542 1392 et
552 1335 662 1410 publico
679 1336 742 1392 usui
755 1336 919 1392 destinatum
932 1335 1119 1409 transcripsis-

171 1426 215 1476 set
231 1419 296 1494 quin
312 1419 474 1478 sublaturus
489 1419 573 1477 luerit
592 1421 637 1478 uel
653 1420 801 1477 resecando
817 1420 860 1476 uel
877 1420 1002 1495 augendo
1018 1419 1120 1476 oratio·

170 1522 232 1562 nem
247 1506 359 1571 minime
380 1504 559 1562 dubitandum
581 1505 755 1563 arbitramur.
790 1503 849 1572 Quo
866 1513 955 1561 tamen
977 1507 1004 1561 in
1020 1521 1121 1579 genere

170 1606 235 1646 nurn
258 1590 285 1646 in
302 1589 435 1664 eligendis
451 1590 576 1648 uersibus
592 1593 640 1665 qui
656 1598 749 1648 essent
771 1589 914 1646 damnandi
930 1588 1010 1646 nobis
1033 1591 1121 1646 conti·

171 1675 244 1749 gerit
270 1682 303 1730 ut
325 1691 423 1731 uerum
449 1691 556 1749 semper
584 1677 784 1738 inueniremus,
812 1676 989 1730 uehementer
1015 1673 1121 1743 dubita·

171 1777 240 1816 mus.
277 1757 336 1822 Sic,
361 1768 393 1816 ut
415 1761 538 1834 exemplo
554 1768 675 1824 utamur,
699 1759 811 1818 dubium
833 1777 913 1834 quam
930 1759 1043 1816 maxime
1061 1766 1120 1816 erat

170 1844 193 1900 H
214 1843 352 1902 826-ss
380 1861 413 1900 ex
436 1843 523 1902 tribus
544 1845 671 1902 uersibus
694 1847 756 1920 quis
776 1845 950 1919 potissimum
978 1853 1050 1901 osset
1071 1845 1119 1901 de-

169 1927 276 1986 lendus.

233 2013 332 2070 Redire
349 2022 494 2088 utramque
509 2015 694 2072 recensionem
715 2015 748 2071 ad
764 2016 851 2090 ipsius
865 2022 965 2088 poetae
980 2015 1120 2086 chirogra-

171 2099 255 2173 phum
272 2098 383 2174 publico
400 2101 464 2156 usui
480 2117 535 2157 nou
550 2099 713 2157 destinatum
729 2100 797 2157 satis
812 2099 968 2157 luculenter
979 2107 1120 2173 praeterea

171 2184 322 2241 ostendunt
343 2184 439 2259 Oedipi
461 2186 600 2243 cuiusdam
621 2193 648 2242 et
668 2185 880 2243 Phoenissarum
902 2184 948 2241 illa
968 2184 1121 2259 fragmenta

171 2270 200 2325 in
215 2269 342 2326 omnibus
357 2270 437 2326 libris
452 2270 646 2345 manuscriptis
669 2272 697 2327 in
715 2287 806 2341 unum,
814 2270 1001 2342 conglutinata
1025 2268 1070 2343 (cl.
1088 2269 1120 2325 de

171 2354 274 2411 Seneca
291 2363 361 2429 trag.
378 2362 451 2411 auct.
466 2373 492 2429 p.
510 2354 660 2428 20-22).
678 2372 761 2429 quae.
778 2355 802 2411 si
818 2354 974 2428 tragoedias
991 2371 1054 2411 suas
1069 2371 1121 2428 pu-

171 2438 235 2495 blici
252 2439 321 2495 iuris
336 2438 462 2503 lecisset,
483 2458 538 2497 non
561 2440 698 2497 editurum
715 2438 803 2497 sedin
820 2439 927 2497 schedis
949 2447 1121 2495 retenturum

171 2522 258 2581 luisse
284 2525 472 2583 existimamus
492 2532 609 2600 poetam.
654 2524 747 2599 Neque
768 2525 859 2581 minus
879 2525 947 2581 baec
970 2532 1066 2580 nostra
1087 2523 1120 2579 de

170 2608 355 2683 pugillaribus
371 2610 494 2666 auctoris
509 2609 643 2667 sententia
659 2609 815 2666 confirmari
835 2609 945 2666 uidetur
966 2610 1121 2683 anapaestis

171 2694 273 2769 quibus
287 2694 435 2751 Actaeonis
455 2694 546 2753 fabula
567 2703 695 2753 narratur
716 2694 934 2757 otte-884,
955 2710 1071 2768 prorsus
1094 2700 1121 2749 et

169 2778 204 2835 ab
226 2778 275 2835 illo
297 2778 363 2855 loco
383 2788 411 2835 et
431 2798 446 2836 a
469 2788 525 2837 tota
547 2779 637 2837 iabula
658 2780 753 2836 alienis
773 2778 825 2852 (cl.
846 2778 983 2836 obseruat.
1007 2780 1034 2835 in
1057 2776 1119 2834 San.

171 2873 241 2938 trag.
258 2862 305 2919 lib.
322 2881 349 2939 p.
366 2862 406 2921 36
422 2863 466 2933 s).

234 2948 354 3005 Schedas
376 2947 493 3023 denique
520 2951 639 3005 auctoris
661 2967 711 3025 per
732 2949 846 3024 longum
867 2955 976 3021 tempus
1002 2948 1119 3003 circum·

171 3033 238 3090 latas
262 3041 345 3106 atque
368 3033 547 3108 transcriptas
568 3051 643 3097 esse.
674 3037 695 3091 si
718 3035 779 3108 quis
801 3034 930 3095 miratur,
960 3034 984 3088 is
1006 3031 1121 3089 Suetoni

171 3118 328 3173 consideret
350 3116 455 3181 uerba„
481 3121 527 3193 qul
548 3119 582 3175 de
601 3119 708 3175 Nerone
730 3134 813 3190 agens
834 3117 901 3174 baec
921 3116 1003 3174 tradit
1024 3115 1056 3188 (c.
1080 3116 1120 3174 52

172 3220 199 3275 p.
213 3203 283 3265 196,
300 3201 341 3260 36
352 3201 397 3274 Β);
422 3202 534 3277 „itaque
549 3203 582 3259 ad
596 3206 732 3277 poeticam
748 3219 854 3277 pronus
869 3204 988 3259 carmina
1002 3201 1123 3259 libenter

173 3320 376 3329 -—..--—-

238 3368 266 3434 *)
290 3368 465 3435 Tragoedias
481 3369 607 3419 ultimum
625 3373 726 3434 poetae
744 3384 854 3421 manum
871 3382 969 3433 passos
985 3382 1039 3417 non
1059 3382 1121 3417 esse

174 3436 224 3487 iam
237 3438 348 3489 censuit
361 3437 393 3488 G.
404 3438 582 3487 Hermannus
601 3434 646 3500 (el.
660 3436 733 3488 doct.
746 3440 826 3489 metr.
839 3453 864 3500 p.
872 3436 921 3486 387
934 3436 1120 3500 „praesertim

174 3506 309 3557 sinerum
327 3508 370 3555 est
388 3504 461 3569 quod
478 3506 614 3569 suspicor,
639 3520 703 3555 non
721 3519 796 3554 esse
815 3505 864 3553 eis
882 3503 1033 3553 ultimam
1052 3518 1120 3552 ma·
1217 3508 1221 3514 '

175 3586 244 3621 num
261 3566 484 3639 impositam“
503 3574 539 3622 cf.
552 3572 608 3625 ibd.
622 3588 648 3636 p.
661 3573 711 3623 431
730 3587 816 3634 „cum
833 3600 866 3607 —
883 3587 921 3621 ne
940 3570 1120 3637 perfectae

177 3641 302 3703 quidem
322 3646 355 3690 et
372 3641 513 3707 penitus
531 3640 705 3707 expolitae
725 3640 825 3704 sint“).
