2750 4250
279 323 322 388 66
566 340 597 388 n.
614 341 748 390 annam
765 341 922 390 sunnone

280 477 408 540 debebat
421 481 513 540 armis
527 478 609 541 orbis
623 486 654 540 et
668 481 821 558 geminum
838 499 922 543 mare

279 565 430 642 utrimque
446 562 556 626 classes
571 582 676 643 agere,
694 567 750 626 iam
766 565 894 629 flammis
909 584 998 646 agros

279 647 380 710 lucere
396 656 425 709 et
439 649 530 710 urbes
545 649 646 710 decuit
660 668 696 711 ac
711 653 845 712 strictum
863 652 995 732 undiquc

278 735 389 794 micare
403 734 527 795 lerrum.

567 819 641 880 Tota
657 819 713 881 sub
729 828 833 881 nostro
850 829 937 883 sonet

280 903 407 983 argolica
423 903 509 965 tellus
525 906 637 984 equite,
654 923 714 966 non
730 904 823 966 siluae
838 914 940 984 tegant

279 989 397 1051 hostem
413 1007 469 1049 nec
484 988 550 1050 altis
567 991 713 1050 montium
728 999 858 1052 structae
874 992 951 1070 iugis

279 1092 374 1134 arces.
401 1073 510 1135 relictis
525 1073 665 1136 bellicum
681 1083 760 1136 totus
776 1082 862 1136 canat

279 1157 404 1236 populus
420 1158 559 1238 Mycenis
587 1160 720 1237 quisquis
736 1161 864 1222 inuisum
880 1168 971 1242 caput

279 1245 351 1321 tegit
366 1261 400 1303 ac
415 1251 515 1304 tuetur
530 1243 613 1304 clade
628 1245 745 1305 lunesta
761 1245 885 1306 occidat.

279 1328 353 1388 haec
368 1329 431 1407 ipsa
447 1327 562 1407 pollens
576 1328 670 1389 incliti
684 1328 804 1409 Pelopis
820 1331 926 1391 domus

279 1420 347 1474 ruat
360 1412 409 1473 uel
423 1415 454 1472 in
471 1431 527 1482 me,
544 1412 705 1474 dummodo
721 1417 751 1474 in
768 1416 891 1476 fratrem
908 1425 984 1476 ruat.

244 1517 261 1567 b
322 1499 383 1576 Age
399 1499 496 1559 anime
511 1498 557 1560 lac
571 1500 651 1578 quod
667 1499 748 1560 nulla
764 1500 922 1578 posteritas
937 1499 1057 1579 probet,

280 1582 332 1646 sed
349 1582 429 1644 nulla
447 1590 551 1644 taceat.
578 1582 696 1664 aliquod
713 1585 882 1646 audendum
899 1593 944 1646 est
959 1586 1044 1648 nolas

279 1676 364 1730 atrox
380 1676 539 1728 cruentum
555 1668 616 1730 tale
630 1670 711 1747 quod
727 1670 818 1730 irater
835 1688 919 1730 meus

279 1772 365 1814 suum
382 1771 448 1813 esse
463 1752 573 1814 mallet.
600 1754 715 1815 scelera
731 1772 790 1815 non
809 1754 961 1816 ulcisceris

278 1839 334 1898 nisi
350 1839 455 1898 nincis.
470 1873 514 1886 —
529 1838 634 1918 ecquid
651 1857 717 1900 csse
733 1846 791 1899 tarn
808 1858 931 1900 saeuum
947 1846 1045 1918 potest

279 1922 358 2002 quod
374 1934 495 2000 superet
509 1922 613 1985 illumi
634 1923 777 2004 numquid
793 1923 927 1986 abiectus
942 1926 1037 1986 iacctl

239 2015 266 2074 b'
323 2008 470 2085 Numquid
487 2009 626 2070 secundis
642 2011 753 2086 patitur
769 2012 799 2069 in
816 2008 908 2070 rebus
923 2010 1055 2080 modum,

277 2093 362 2156 iessis
378 2094 527 2171 quietem?
549 2095 620 2155 noui
636 2111 692 2171 ego
707 2093 859 2173 ingenium
877 2096 934 2156 uiri

277 2178 418 2239 indocile:
435 2178 514 2240 flecti
529 2198 589 2240 non
604 2187 711 2258 potest,
728 2180 826 2258 lrangi
841 2186 948 2257 potest.

278 2264 404 2342 proinde
419 2271 576 2343 antequam
592 2284 624 2325 se
639 2266 738 2325 tirmat
753 2272 804 2325 aut
819 2266 900 2325 uires
916 2272 1002 2345 parat

277 2357 394 2427 petatur
410 2348 504 2409 ultro:
528 2368 566 2411 nc
582 2350 784 2427 quiescentem
799 2357 890 2428 petat.
994 2400 1003 2409 ,

278 2443 328 2495 ant
342 2435 464 2514 perdet,
480 2444 531 2495 aut
545 2434 668 2514 peribit,
685 2436 716 2495 in
733 2437 830 2496 medio
848 2444 892 2499 eet
907 2434 1004 2497 scelus

277 2522 408 2599 positum
425 2522 591 2599 occupanti.

244 2639 259 2673 e
320 2616 394 2665 sun.
626 2604 718 2666 Fama
736 2614 763 2665 tc
779 2604 882 2685 populi
898 2606 970 2668 nihil

277 2689 400 2751 aduersa
417 2691 527 2751 terret?
927 2691 929 2694 ’

275 2790 355 2837 nne.
559 2776 719 2836 maximnm
736 2774 793 2835 hoc
809 2778 894 2853 regni
909 2776 1021 2837 honum
1038 2783 1091 2846 est,

276 2862 355 2941 qnod
371 2861 447 2921 lacta
464 2861 577 2922 domini
592 2861 707 2936 cogitur
722 2859 850 2939 populus
866 2862 912 2921 sui

277 2956 335 3008 tarn
351 2950 431 3008 serre
447 2965 535 3026 quarn
551 2944 722 3005 laudare.

275 3046 351 3093 sar.
762 3049 836 3109 quos
852 3031 930 3109 cogit
946 3038 1045 3115 metus

276 3116 445 3187 laudare,
463 3118 581 3178 eosdem
598 3115 696 3177 reddit
711 3116 845 3178 inimicos
861 3122 965 3177 nictus.

345 3374 392 3423 181
412 3374 496 3423 ermis
514 3371 640 3422 omnisA
664 3387 689 3421 a.
710 3372 785 3422 orbis
802 3372 828 3421 Ε
857 3368 868 3439 ΙΙ
902 3372 950 3421 182
974 3372 1071 3421 innare
1097 3372 1201 3425 classis

276 3444 332 3492 iam
356 3443 411 3491 tuis
433 3442 459 3491 fl.
480 3458 505 3492 a.
524 3442 548 3491 Α
585 3441 722 3504 utrimque
749 3440 853 3491 classes
878 3453 961 3507 agere
989 3440 1045 3489 iem
1069 3440 1089 3489 f.
1115 3440 1142 3489 Ε
1177 3440 1182 3509 l

277 3512 326 3562 195
350 3510 429 3559 malit
446 3511 471 3561 Α
495 3508 635 3560 malletE
662 3504 675 3575 ΙΙ
705 3511 753 3560 196
779 3512 807 3559 et
829 3510 932 3576 quidm
963 3508 1070 3573 ecquid
1091 3508 1143 3559 Bo.
1176 3510 1181 3576 l

274 3582 324 3630 201
347 3578 437 3632 firmet
459 3596 484 3633 a.
503 3578 677 3644 mpuretA
709 3577 799 3628 firmat
823 3594 847 3629 a.
867 3593 894 3627 u.
919 3582 1003 3643 parat
1025 3576 1051 3627 Ε
1093 3573 1105 3644 Η
1147 3581 1199 3631 207

274 3664 356 3713 quam
374 3648 394 3698 f.
412 3652 469 3699 tam
486 3647 543 3701 LA
563 3652 620 3697 tem
638 3647 657 3697 f}
678 3661 759 3711 quem
777 3647 795 3697 1.
814 3646 840 3696 E
861 3642 876 3713 fl
