2750 4250
263 325 359 372 XVIII
644 319 844 370 Punwnulo

273 484 375 540 lactum
392 491 435 540 est
450 491 482 540 01
497 481 570 556 quod
586 482 615 537 Ε
629 482 731 538 0111333
739 482 891 572 'descripsit
906 482 932 538 11
947 485 975 538 10
991 482 1121 556 03131133
1136 482 1227 541 libros

273 568 444 626 emendatum
460 568 599 625 transiret.
632 567 745 624 Praesto
761 575 827 623 sunt
847 566 969 642 exempla
985 569 1051 624 satis
1066 567 1225 625 luculenta:

318 772 338 826 'l
356 771 394 828 72
418 778 523 828 0101313
539 772 613 845 ipse
754 788 790 825 m.
807 771 882 845 ripas

270 854 395 913 013342
418 857 582 929 frigiamque
592 854 726 911 flammam
753 854 944 929 frugemque
972 856 1080 915 llamma
1099 860 1225 916 metite

366 1009 368 1013 Ι
421 941 562 996 eteterias
579 937 693 996 talisoli
795 942 925 997 natalis
941 940 994 998 soli

299 1025 320 1080 P
337 1024 398 1083 686
422 1032 527 1082 tantum
543 1025 669 1082 3303133
753 1024 842 1081 11110
860 1033 896 1081 10
910 1025 988 1082 nefas

318 1110 399 1168 1005
421 1109 567 1166 luctificam
598 1107 724 1184 (repetit.
754 1126 915 1183 quassam

420 1192 601 1266 3101004)

274 1302 278 1312 ¹
311 1279 393 1336 1066
416 1296 498 1354 agros
751 1281 863 1354 Argos

266 1365 316 1436 Ag.
333 1362 394 1420 162
416 1364 498 1436 lango
753 1364 879 1438 langore

331 1447 392 1506 299
416 1449 466 1505 sub
481 1466 551 1523 rupe
567 1450 697 1506 reductus
753 1449 893 1521 surripere
907 1450 1005 1506 doctus

310 1532 392 1589 1017
416 1535 538 1590 semitam
751 1532 878 1589 leminam

274 1617 317 1674 73
332 1615 392 1674 642
416 1619 486 1675 31313
752 1634 815 1674 3313

331 1701 392 1759 644
415 1709 507 1757 uxtem
751 1711 842 1759 uatem

332 1785 391 1842 779
414 1794 497 1858 atque
750 1789 795 1842 aui

331 1868 392 1927 933
414 1869 615 1927 millenarium
749 1870 899 1928 Menelaum

309 1953 393 2012 1050
414 1956 542 2012 meritum
750 1973 822 2012 mare
839 1974 899 2014 cum

265 2040 314 2096 lin
329 2039 473 2096 lotroci
488 2041 554 2095 iuno
570 2056 650 2114 quern
748 2043 807 2097 uoti
824 2058 904 2114 quem
919 2044 978 2100 1301

330 2125 390 2183 732
414 2128 458 2183 uix
494 2141 605 2201 quoque
644 2143 721 2182 mon·
748 2126 794 2183 uir
809 2144 881 2202 queo
897 2146 933 2185 m.
951 2128 1043 2203 eloqui

417 2220 504 2267 strum
521 2211 616 2267 elocor

328 2295 389 2373 895
414 2296 540 2351 thiestem
558 2298 626 2352 titan
648 2295 721 2371 fugit
746 2298 806 2372 ipse
822 2314 865 2354 me
881 2299 911 2353 Τ.
928 2297 947 2354 1.

328 2380 390 2438 974
411 2381 458 2437 lux
473 2380 518 2437 illa
535 2383 615 2437 sistat
745 2383 792 2439 lux
807 2382 871 2439 01113
887 2385 940 2440 1313
957 2392 999 2439 est

307 2464 389 2523 1257
413 2465 512 2523 3133111
528 2467 637 2542 penitus
746 2467 821 2523 ibera
837 2468 915 2541 calpe
931 2469 996 2524 litus

307 2550 388 2607 1277
412 2568 495 2624 uagas
511 2550 670 2626 tymplalida
746 2569 816 2626 uaga
832 2552 1008 2626 symplegade

308 2634 388 2692 1382
413 2637 503 2709 alique
518 2654 599 2693 31303
746 2636 840 2693 auidae
853 2636 989 2693 Caucasus

325 2771 397 2829 llaec
423 2775 513 2829 omnia
536 2772 729 2847 neglegentiae
757 2774 852 2831 librari
878 2774 907 2828 E
928 2774 1063 2831 malumus
1090 2772 1217 2833 tribuere

261 2874 342 2932 quam
354 2860 412 2915 eius
425 2859 508 2932 quiA
523 2858 711 2916 recensionem
723 2860 871 2933 conposuit
886 2859 1007 2932 ingenio.
1036 2858 1129 2935 Neque
1144 2877 1215 2919 uero

261 2942 360 2998 desunt
382 2943 437 3000 loci
465 2944 512 3001 ubi
540 2944 685 3001 deterioris
712 2946 883 3001 recensionis
909 2952 1007 3000 auctor
1029 2947 1139 3002 0311313
1165 2946 1216 3001 de·

262 3028 405 3101 scripserit
426 3045 507 3101 quam
528 3029 604 3085 31131.
655 3028 701 3085 Sic
722 3029 743 3086 0
765 3028 828 3087 250
850 3032 911 3103 quis
931 3045 988 3086 non
1009 3029 1085 3087 malit
1106 3045 1167 3087 cum
1187 3031 1214 3085 A

261 3112 388 3187 amplecti
410 3113 523 3171 uerbum
548 3114 775 3189 ‘prohibent'
800 3130 860 3171 cum
883 3116 911 3171 ul
933 3115 1047 3189 quadam
1062 3115 1213 3189 repetitum

261 3215 342 3274 quam
358 3198 428 3255 male
443 3201 609 3274 adscriptum
625 3198 692 3256 illud
708 3195 885 3274 ε8011100,
908 3199 952 3255 031
968 3199 1033 3256 ibid.
1052 3198 1113 3257 343
1130 3200 1214 3257 ‘unl-

261 3292 318 3341 tum
334 3284 514 3359 obliquat'
531 3303 600 3359 quae
616 3288 752 3360 scriptura
768 3294 796 3341 et
810 3286 898 3359 ipsius
910 3284 1029 3342 Senecae
1045 3283 1077 3357 (Τ
1094 3282 1166 3356 160)
1184 3294 1214 3341 31

259 3369 347 3435 Ouidii
370 3368 405 3441 (lt
427 3369 469 3426 Vll
488 3370 562 3443 412)
582 3371 674 3427 0311113
697 3370 872 3429 confirmatur
892 3386 942 3445 pro
967 3387 1000 3427 eo
1022 3369 1212 3443 00311333-

257 3455 336 3513 hibet
356 3454 479 3513 ε0011001
502 3456 611 3514 solis'
634 3456 679 3513 uel
701 3456 798 3514 11985
823 3454 1067 3529 ‘marcentque
1088 3454 1208 3526 lempe’

257 3560 309 3619 pro
332 3542 531 3617 ‘llacetumque
547 3540 659 3617 Tempe'
681 3551 709 3599 et
731 3559 801 3616 quae
816 3549 881 3598 sunt
895 3539 1015 3597 similia?
1040 3538 1210 3611 Quamquam

258 3645 314 3687 non
334 3629 373 3686 ita
393 3645 507 3703 magnus
529 3637 572 3686 est
592 3628 688 3687 talium
710 3628 895 3702 exemplorum
916 3642 1056 3683 numerus.
1094 3622 1209 3680 Accedit
