2750 4250
653 326 798 376 lucuurl

393 467 444 529 iiie
460 467 591 530 ieroeem
607 468 692 530 iussit
705 465 849 530 Achillem

394 550 512 632 pulnere
527 552 632 632 lyram.

395 639 484 718 iregit
498 639 629 708 Danaos,
647 637 736 716 iregit
750 639 894 700 Atriuem.

393 741 485 803 regno
501 723 748 793 enutrierunt,
764 722 862 784 eiures

394 809 483 869 diruit
497 808 596 870 urbes.

436 944 472 1006 Et
487 963 565 1007 nnnc
580 945 697 1007 enimus
711 945 784 1026 quid
799 944 874 1006 ieret
889 944 994 1006 horret

395 1031 440 1092 uis
454 1031 575 1091 immitis
591 1029 721 1092 uiolenta
736 1030 794 1092 dei.

672 1246 775 1295 NERO.

310 1369 335 1432 Ο
351 1367 429 1431 iente
444 1372 567 1431 nimium
585 1368 684 1431 militis
701 1369 796 1430 nostri
812 1388 917 1432 manus

267 1464 296 1515 et
311 1457 354 1516 ira
370 1455 485 1533 potiens
501 1463 569 1536 post
583 1455 665 1515 netas
681 1463 795 1516 tantum
813 1474 893 1524 mea,

266 1539 346 1619 quod
362 1559 422 1601 non
437 1558 527 1602 eruor
543 1540 637 1602 ciuilis
652 1558 794 1602 accensas
808 1540 888 1601 iaces

266 1626 411 1703 extinguit
425 1627 455 1687 in
472 1643 527 1687 nos
543 1626 633 1687 erede
649 1644 706 1687 nen
721 1625 823 1704 popuii
838 1624 938 1685 madet

266 1711 388 1772 funerea
405 1710 496 1772 Roma
513 1729 587 1790 quae
603 1711 685 1773 uiros
700 1710 775 1772 teies
790 1708 864 1771 tulit.

267 1803 298 1855 et
312 1793 361 1855 ilia
377 1796 424 1856 eui
438 1815 486 1858 me
502 1797 611 1857 ciuium
627 1795 737 1858 subicit
750 1796 835 1856 iuror

265 1888 401 1961 suspecta
417 1883 546 1943 coniunx
562 1889 591 1942 et
606 1900 693 1943 soror
708 1899 826 1960 semper
842 1879 929 1949 mihi,

266 1965 384 2026 tandem
401 1964 496 2026 dolori
511 1967 648 2044 spiritum
665 1966 771 2027 reddat
784 1983 850 2026 meo

267 2051 400 2130 iramque
416 2058 548 2113 nostram
564 2053 706 2131 sanguine
722 2051 872 2130 extinguet
886 2068 951 2113 suo.

267 2136 392 2197 admissa
408 2136 460 2199 sed
476 2138 534 2198 iam
550 2144 646 2199 morte
661 2137 762 2219 puniri
777 2154 882 2219 parum
898 2143 959 2208 est,

267 2223 405 2299 grauiora
419 2225 530 2283 meruit
544 2224 665 2303 impium
683 2222 778 2302 piebis
794 2219 905 2283 scelus:

267 2324 335 2368 mox
352 2315 425 2369 tecta
441 2307 567 2371 flammis
583 2308 739 2370 concidant
754 2306 838 2369 urbis
854 2306 942 2378 ineis,

266 2394 351 2469 ignes
365 2394 469 2456 ruinae
486 2396 605 2455 noxium
619 2391 763 2473 populum
780 2399 915 2469 premant

266 2480 420 2559 turpisque
436 2487 551 2557 egestus
567 2497 655 2539 saeuo
671 2497 738 2540 eum
754 2476 837 2538 luctu
852 2477 955 2538 fames.

266 2562 393 2625 exsultet
406 2565 510 2641 ingens
525 2562 635 2626 soeculi
649 2564 745 2624 nostri
759 2562 845 2623 bonis

266 2656 404 2729 corrupta
421 2648 507 2710 turba
523 2667 578 2711 nee
593 2649 672 2728 cepit
686 2647 872 2709 elementiam

265 2735 378 2813 ingrato
395 2740 526 2795 nostrum
543 2734 622 2795 ierre
639 2752 695 2794 nee
710 2751 812 2812 pacem
829 2739 935 2813 potest.

265 2819 318 2880 sed
332 2820 463 2899 inquieto
479 2822 594 2897 rapitur
610 2819 679 2880 hine
695 2819 831 2889 audacie,

265 2905 334 2967 hino
349 2905 514 2967 temeritate
529 2904 625 2966 fertur
640 2906 669 2964 in
684 2920 830 2983 praeceps
845 2920 906 2963 sue.

333 3146 383 3197 832
401 3160 489 3211 regna
506 3160 576 3195 corr.
595 3160 631 3195 ece
648 3143 745 3209 regine
763 3138 853 3275 1312?
870 3140 962 3192 oleras
980 3160 1028 3195 om.
1047 3146 1176 3196 313811-

265 3212 322 3262 euit
339 3229 438 3279 opreer.
459 3212 477 3264 l.
498 3212 581 3263 diruit
598 3212 618 3263 0
634 3208 646 3279 ΙΙ
666 3210 774 3262 NERO.
793 3227 814 3261 ω
835 3205 839 3276 Ι
868 3208 918 3261 837
936 3214 1046 3262 tantum
1063 3214 1139 3265 nefas
1157 3214 1177 3263 G

263 3280 325 3330 312
344 3284 433 3333 tanet.
447 3281 528 3347 noph.
545 3282 571 3331 V
586 3281 667 3332 nosne
678 3283 788 3329 tantum
800 3279 826 3328 Α
838 3278 902 3329 313
912 3274 926 3345 ΙΙ
942 3280 994 3333 838
1012 3282 1080 3346 quid
1089 3282 1148 3333 312
1161 3284 1174 3347 Η
1263 3289 1264 3336 1

264 3350 314 3400 839
332 3349 362 3399 in
379 3363 430 3399 uos
447 3351 512 3400 313
524 3345 536 3416 ΙΙ
547 3364 582 3400 ne
605 3350 629 3399 V
640 3344 652 3415 ΙΙ
663 3348 714 3399 840
733 3347 844 3397 funeste
860 3344 1173 3416 Ii1211niroli1311841

264 3417 337 3484 puin
354 3413 434 3483 3131
453 3418 565 3469 841842
581 3423 642 3482 poet
654 3434 677 3466 n.
691 3416 742 3467 846
759 3418 929 3468 conlocandos
944 3420 1043 3482 putasti.
1056 3414 1069 3485 ΙΙ
1084 3418 1129 3469 mo
1146 3422 1175 3467 et

263 3486 313 3537 ille
332 3503 353 3537 ω
372 3490 407 3535 at
424 3485 474 3536 iia
491 3485 542 3537 Bo.
560 3481 572 3551 ll
596 3485 715 3537 subiecit
733 3484 757 3534 Α
776 3482 877 3533 subicit
894 3486 957 3537 313
974 3487 1000 3536 V
1009 3487 1076 3538 Pali.
1124 3486 1173 3537 815

264 3554 348 3607 dedet
365 3554 428 3605 313
444 3550 457 3620 H
473 3555 523 3605 849
540 3554 621 3605 rictu
639 3555 670 3604 ei.
689 3553 743 3603 RP.
761 3552 796 3615 ef.
815 3552 895 3607 Herc.
913 3557 964 3606 835
985 3555 1048 3622 Hy.
1066 3558 1090 3607 5.
1107 3551 1172 3621 teor

266 3626 356 3688 carpit
375 3619 487 3689 011853
505 3622 569 3671 hrue
587 3622 650 3671 313
673 3616 684 3686 ΙΙ
707 3623 757 3673 854
774 3620 839 3671 hune
857 3623 920 3673 313
943 3619 957 3690 ss
