2750 4250
293 331 354 396 106
572 345 604 395 n.
621 343 930 395 auunnrsnuncun

290 486 343 550 sed
358 486 445 548 flecte
459 496 599 557 mentem,
614 495 719 566 peetus
733 487 886 567 antiquum
902 486 1015 548 aduoca

290 572 443 651 uiotasque
458 590 566 652 magno
581 571 693 633 robore
708 589 866 634 aerumnas
880 571 979 633 doma.
1210 588 1234 636 te

259 768 279 803 a
334 754 452 804 onmr.
476 742 559 804 Vnde
573 744 604 804 in
619 742 747 804 nefanda
762 743 913 821 specimen
929 744 1080 822 egregium
1095 741 1193 803 domo?
1210 755 1235 806 80

290 828 370 889 unde
384 829 439 889 ista
455 829 559 907 generi
574 827 659 904 uirgo
675 827 824 906 dissimilis
840 831 912 889 suoi

290 912 409 975 fortuna
424 913 540 975 credis?
562 912 669 993 aliquis
686 921 731 974 est
749 931 785 974 ex
800 932 848 974 me
863 914 940 992 pius.

290 1017 351 1060 non
366 1005 444 1059 esset
459 1016 614 1078 umquam,
631 997 691 1059 iata
706 997 784 1059 bene
801 999 871 1059 noui
886 1017 969 1066 mea,

291 1085 347 1145 nisi
362 1091 395 1144 ut
409 1091 540 1145 noceret.
566 1085 629 1161 ipsa
645 1101 677 1143 se
692 1084 722 1143 in
739 1080 820 1162 leges
835 1101 930 1144 nouas

290 1177 397 1229 natura
412 1176 519 1239 uertet,
535 1175 655 1247 regeret
669 1170 699 1228 in
715 1169 827 1230 fontem
844 1170 915 1229 citas

290 1251 446 1313 reuolutus
461 1253 554 1314 undas
568 1254 663 1314 amnis
679 1261 710 1314 et
725 1261 842 1313 noctem
858 1253 972 1315 adseret

290 1335 426 1415 phoebea
441 1337 563 1418 lampas,
579 1338 730 1417 Hesperus
745 1338 834 1399 faciet
850 1337 937 1399 diem.

255 1423 281 1484 α’
336 1422 372 1482 vt
386 1421 423 1482 ad
438 1423 572 1485 miserias
587 1422 697 1501 aliquid
713 1423 835 1484 accedat
849 1442 940 1493 meas,

289 1507 330 1586 pii
346 1525 464 1589 quoque
480 1510 600 1571 erimus.
630 1509 717 1568 unica
735 1506 903 1588 Oedipodae
919 1514 964 1570 est
979 1507 1058 1572 salus

289 1610 350 1653 non
366 1611 432 1655 csse
447 1592 571 1655 saluum.
596 1591 684 1653 liceat
699 1591 802 1653 ulcisci
816 1601 931 1674 patrem

291 1677 388 1739 adhuc
403 1679 539 1740 inultum.
567 1677 670 1739 dextra
685 1678 756 1757 quid
774 1695 871 1738 cessas
886 1681 967 1740 iners

290 1763 409 1842 exigere
425 1763 555 1842 poenas?
577 1763 717 1844 quicquid
733 1771 869 1824 exactum
886 1772 932 1824 est
946 1763 1042 1826 adhue

289 1849 378 1908 matri
393 1848 507 1908 dedisti.
533 1849 617 1909 mitte
632 1849 776 1927 genitoris
791 1866 911 1909 manum

290 1933 421 1994 animosa
437 1934 537 2009 uirgo:
554 1932 642 1994 funus
658 1933 793 1994 extendis
808 1951 907 1994 meum

288 2016 452 2098 longasque
467 2019 527 2079 uiui
543 2018 627 2079 ducis
643 2019 783 2097 exequias
798 2019 941 2096 patris·
1026 2067 1028 2072 ,
1085 2037 1089 2041 ’

259 2113 278 2165 b
333 2102 497 2183 Aliquando
512 2110 592 2165 terra
608 2121 719 2182 eorpus
733 2104 862 2165 inuisum
877 2113 954 2182 iege.

288 2206 396 2268 peccas
411 2189 534 2250 honesta
552 2198 660 2259 mente,
676 2191 815 2267 pietatem
832 2208 921 2251 uocas

289 2282 405 2353 patrem
421 2273 600 2353 insepultum
618 2274 748 2335 trahere.
773 2276 825 2352 qni
841 2276 919 2353 cogit
934 2274 1012 2335 mori

289 2358 440 2420 nolentem
456 2360 487 2420 in
504 2378 599 2440 aequo
615 2367 659 2421 est
674 2362 784 2438 quique
800 2367 1010 2439 properantem
1027 2359 1153 2440 inpedit.

291 2462 348 2505 nec
363 2452 462 2505 tamen
477 2447 508 2505 in
524 2464 618 2526 aequo
634 2452 693 2505 est:
709 2443 835 2505 alterum
852 2445 972 2523 grauius
986 2464 1073 2507 reor:

288 2529 366 2591 malo
382 2530 523 2608 imperari
539 2549 626 2611 quam
644 2531 718 2610 eripi
734 2537 860 2590 mortem
877 2530 958 2591 mihi.

288 2614 425 2677 occidere
441 2622 486 2676 est
501 2624 603 2677 uetare
619 2617 789 2694 cupientem
807 2616 892 2676 mori.

248 2700 275 2758 b'
330 2699 446 2762 Desiste
461 2708 567 2780 coepto
582 2701 681 2779 uirgo:
701 2702 747 2761 ius
763 2701 841 2761 uitae
857 2718 891 2759 ac
907 2702 988 2760 necis

286 2806 370 2848 meae
385 2804 478 2867 penes
494 2805 541 2847 me
557 2792 610 2847 est.
639 2802 732 2862 regna
748 2786 866 2846 deserui
882 2784 988 2853 libens,

285 2890 412 2953 regnum
428 2873 487 2933 mei
502 2872 627 2931 retineo.
656 2872 680 2929 si
696 2870 752 2931 fida
770 2889 801 2931 es
817 2888 932 2931 comes:

287 2976 388 3019 ensem
405 2958 523 3036 parenti
539 2955 632 3025 trade,
649 2955 700 3016 sed
718 2963 820 3015 notum
837 2973 911 3015 nece

286 3061 389 3104 ensem
404 3050 538 3121 paterna.
564 3040 657 3104 tradis
673 3058 710 3099 an
726 3042 807 3119 gnati
823 3048 923 3101 tenent

286 3145 354 3189 cum
369 3144 464 3203 regno
480 3134 510 3188 et
523 3125 626 3187 iilum?
648 3126 736 3186 saciet
749 3125 931 3203 ubicumque
946 3134 991 3187 est
1007 3143 1090 3205 opus.

285 3216 347 3274 illis
361 3209 509 3289 relinquo,
524 3220 630 3289 gnatus
644 3210 726 3271 hunc
741 3208 848 3271 habeat
864 3228 957 3279 meus,

285 3296 340 3359 sed
355 3306 492 3375 uterque.

354 3451 387 3500 78
399 3453 513 3515 pectore
526 3450 550 3499 A
563 3450 604 3499 dd
620 3452 647 3499 in
664 3465 718 3500 ras.
738 3448 836 3499 rubore
854 3464 923 3500 corr.
941 3464 976 3499 ex
988 3449 1088 3499 rubore
1100 3444 1135 3498 E¹
1146 3441 1157 3509 ll
1169 3442 1196 3491 79

284 3520 344 3569 uide
356 3518 393 3568 ad
402 3535 427 3569 u.
442 3520 491 3569 192
506 3512 518 3583 ΙΙ
535 3520 569 3568 94
581 3519 708 3568 animoso
719 3516 745 3567 E
763 3516 821 3578 (sed
831 3519 875 3568 nit.
889 3518 976 3567 littera
987 3532 1038 3570 ser.
1052 3532 1085 3567 m.
1098 3516 1124 3579 2)
1142 3512 1153 3578 ΙΙ
1167 3508 1195 3559 95

286 3586 471 3651 aliprquando
489 3586 515 3636 E
530 3582 542 3653 ΙΙ
559 3589 607 3637 100
623 3592 684 3651 post
696 3603 720 3637 u.
737 3586 785 3635 1οἳ
804 3586 927 3635 collocant
938 3581 950 3651 Η
962 3586 1003 3635 99.
1018 3586 1066 3637 100
1085 3588 1110 3635 in
1121 3592 1194 3640 marp-

284 3657 402 3719 Iepuntur
415 3651 459 3721 lili
473 3657 521 3706 108
534 3654 625 3705 scelus
637 3654 662 3703 Α
681 3666 750 3719 opus
762 3652 788 3701 Ε
799 3648 811 3717 ii
825 3654 872 3703 109
885 3652 924 3702 ibi
937 3654 975 3703 sii
987 3669 1008 3703 ω
1020 3668 1090 3704 corr.
1102 3648 1162 3703 B.P.
1174 3640 1185 3708 ii
