2750 4250
321 357 386 422 214
602 371 633 418 n.
651 369 784 418 unuani
801 369 962 419 sennenn

406 510 545 573 stridulos
561 520 665 571 cantus
681 509 781 570 *elisit
797 528 876 572 aere.

410 665 492 707 *non
508 654 576 708 ante
592 646 707 725 linguas
722 646 813 724 agiles
830 655 859 708 et
875 665 950 708 *ora
992 707 995 712 ,

406 733 488 792 uocis
502 733 621 808 ignotae
638 763 812 776 ·····
827 768 868 776 .-

474 840 490 877 *
506 816 637 877 elamore
652 817 781 895 primurn

406 902 521 962 hostico
536 902 652 980 experti
668 933 844 946 ·····
859 939 902 946 -

626 1008 642 1045 tt
773 1009 787 1044 *
919 1011 934 1046 g

449 1156 574 1234 Agmina
590 1172 711 1233 oarnpos
727 1161 853 1231 cognata
868 1163 973 1216 tenent

408 1241 555 1320 dignaque
570 1241 646 1300 iacto
662 1241 776 1300 semine
792 1239 892 1318 proles

408 1344 468 1385 uno
486 1333 611 1386 aetatem
626 1342 784 1402 permensa
802 1325 850 1384 die

408 1416 476 1489 post
491 1409 621 1474 Luciferi
637 1417 704 1469 nata
721 1417 836 1470 meatus

408 1501 476 1556 ante
491 1494 646 1572 hesperios
661 1494 770 1556 oceidit
786 1501 879 1556 ortus,

450 1631 561 1691 Horret
575 1631 663 1690 tantis
680 1629 795 1691 aduena
812 1632 954 1692 monstris

407 1713 568 1794 populique
584 1715 668 1774 timet
684 1713 762 1776 holla
776 1718 923 1787 recentiS,

407 1799 502 1860 donec
518 1799 625 1860 cecidit
639 1817 728 1860 saeua
746 1801 886 1862 iuuentus

407 1885 601 1964 genetrixque
616 1902 670 1944 suo
686 1884 770 1945 reddi
786 1886 900 1961 gremio

408 1970 496 2030 modo
512 1969 675 2047 productos
690 1969 764 2030 uidit
780 1968 927 2032 alumnos.

451 2106 513 2166 Hae
528 2105 679 2167 transierit
696 2104 781 2167 ciuile
797 2105 892 2169 nefas.

407 2189 456 2251 illa
471 2190 628 2252 herculeae
645 2192 745 2251 norint
759 2190 881 2253 Thebae

408 2274 522 2356 proelia
538 2277 674 2337 fratrum.

288 2443 305 2478 a
452 2411 540 2493 [Quid
558 2411 671 2473 cadmei
686 2412 744 2471 lata
759 2414 888 2490 nepotis

406 2517 474 2560 curn
489 2514 602 2558 niliacis
617 2514 755 2557 cornua
771 2515 852 2557 cerui

288 2701 313 2751 E
409 2692 561 2763 lituusque
577 2687 682 2744 adunco
700 2688 831 2745 stridulos
846 2698 943 2747 cantus

406 2775 486 2843 illisit
502 2790 564 2830 aere
579 2790 635 2830 non
652 2782 715 2829 ante
731 2773 842 2847 linguas

406 2860 500 2934 Agiles
516 2867 544 2916 et
560 2875 607 2915 ora
622 2860 702 2915 uocis
718 2860 829 2931 ignotae

406 2947 528 3003 Clamore
544 2944 662 3018 primum
677 2944 784 3000 hostien
801 2945 907 3017 experti

390 3079 439 3129 755
458 3078 537 3127 Alias
557 3078 585 3125 et
603 3090 680 3125 arma
698 3074 723 3123 Α
743 3090 790 3123 ora
809 3078 835 3123 in
852 3091 905 3129 rao.
924 3074 959 3125 iil
982 3072 994 3141 ll
1071 3138 1073 3142 ι
1198 3127 1202 3139 ‚

390 3147 439 3197 760
457 3146 605 3211 Lignaque
623 3143 649 3191 E
664 3138 676 3208 ΙΙ
698 3144 746 3193 765
765 3144 888 3205 regentis
907 3142 931 3191 E
949 3145 1070 3194 recentis
1087 3149 1109 3207 ψ
1132 3132 1214 3203 ruentis¹

320 3217 346 3266 Α
377 3212 389 3282 ΙΙ
417 3216 449 3264 de
470 3231 511 3264 uu.
531 3214 580 3263 772
592 3237 626 3247 -
639 3212 762 3263 astuta.
784 3208 980 3261 Obseruutorum
1002 3212 1089 3262 librum
1103 3224 1130 3273 p·
1144 3203 1172 3254 3⁶
1185 3194 1213 3245 ll'

322 3283 416 3347 Oedipi
426 3282 443 3330 I
454 3282 586 3347 relliquias
597 3283 661 3330 male
674 3280 721 3328 leue
734 3280 835 3327 delatus
847 3294 903 3329 esse
915 3280 1060 3343 suspicatus
1072 3292 1128 3329 rum.
1147 3270 1212 3319 luter·

318 3352 453 3418 pouendoo
470 3351 548 3413 igitur
566 3350 644 3398 eredo
658 3355 722 3413 post
738 3349 792 3396 eiua
808 3347 948 3410 fragmenti
965 3364 988 3397 u.
1003 3351 1057 3397 318
1079 3342 1090 3412 ΙΙ

1093 3447 1211 3473 ’,χ

391 3541 441 3591 754
463 3554 486 3592 o.
506 3535 605 3588 simul
625 3535 693 3585 edit
712 3550 777 3585 aere
798 3534 842 3584 GR
858 3530 870 3599 ll
887 3536 936 3583 755
958 3535 1026 3583 iam
1044 3519 1212 3593 mouentlinfl·
1254 3580 1255 3585 Ἰ

321 3624 390 3677 guas
411 3624 435 3660 a.
456 3612 484 3656 et
502 3600 660 3669 horrenti
676 3606 754 3653 uocis
773 3602 790 3651 i.
811 3602 945 3651 sonitus
964 3604 1005 3652 uel
1023 3590 1212 3653 etarualw·

321 3680 489 3729 resonant
508 3674 647 3737 fragore
668 3670 713 3720 GR
736 3667 747 3735 ll
