2750 4250
552 341 721 390 Pitumnus

120 477 155 536 e'''
211 479 314 558 sagax
330 489 488 559 pareutum
505 488 549 542 est
564 499 646 542 cura.
676 479 834 542 credamus
850 489 946 542 lamen

168 571 234 625 astu
251 565 388 644 doloque
403 574 503 644 tegere
518 583 573 627 nos
586 574 702 628 tautum
718 565 815 626 nolas:

166 649 236 727 quid
255 649 309 710 ille
323 649 417 711 rebus
431 650 530 712 lumen
546 651 706 712 infundens
721 669 807 712 suum

165 736 274 796 matris
290 736 421 812 parens?
443 736 512 813 quid
528 735 578 796 ille
594 738 644 814 qui
659 735 803 796 mundum
820 739 914 814 quatit.

165 818 296 880 uibrans
311 837 438 880 corusca
455 819 566 880 lulmen
581 828 737 882 aetnaeum
753 837 842 881 mauu

167 910 249 963 sator
267 905 422 965 deorum?
445 905 541 966 credis
556 904 614 965 boc
629 923 718 983 posse
734 904 812 964 ellici

168 990 255 1049 inter·
268 988 406 1050 uidentes
422 991 520 1050 omnia
535 1000 568 1050 ut
581 989 677 1052 lateas
692 989 778 1051 auca?

144 1081 157 1130 f
208 1074 273 1134 Sed
292 1082 324 1134 ut
338 1074 487 1134 secundus
502 1075 656 1136 numinum
673 1073 836 1136 abscondat
852 1073 935 1134 iauor
1038 1085 1194 1132 1111111111

168 1159 266 1219 coitus
284 1158 430 1220 nefandos
445 1167 536 1238 utque
552 1161 705 1238 contingat
719 1167 823 1238 stupro
1113 1173 1162 1222 165

167 1251 280 1318 negata
297 1244 413 1322 magnis
428 1243 591 1306 sceleribus
606 1262 727 1322 semper
742 1244 829 1306 tides:

168 1328 238 1406 quid
255 1345 355 1405 poena
370 1346 514 1407 praesens
528 1331 666 1390 conscius
681 1330 789 1390 mentis
804 1346 899 1407 pauor

168 1414 351 1492 animusque
366 1412 452 1493 culpa
468 1412 574 1491 plenus
589 1422 619 1474 ct
633 1420 728 1476 semet
744 1413 869 1476 timens?

168 1496 270 1558 scelus
288 1496 385 1575 aliqua
401 1505 512 1568 tutum,
530 1497 609 1558 nulla
626 1515 764 1559 securum
780 1496 855 1558 tulit.

139 1583 160 1638 l'
213 1583 372 1660 conpesce
387 1583 496 1644 amoris
509 1585 585 1660 inpii
598 1582 734 1645 dammas
750 1600 857 1661 precor

172 1668 320 1746 nefasque
336 1668 414 1744 quod
431 1667 566 1728 nonulla
582 1666 670 1728 tellus
685 1666 813 1730 barbara

171 1752 313 1813 conmisit
327 1769 469 1829 umquam
485 1769 546 1812 non
561 1754 630 1830 uagi
645 1754 758 1832 campis
774 1754 865 1815 Getae

171 1853 227 1897 nec
242 1836 430 1915 inhospitalis
445 1837 562 1898 Taurus
577 1847 628 1898 aut
640 1855 764 1916 sparsus
780 1837 912 1916 Scythes.

172 1920 291 1998 expelle
305 1921 418 1982 lacinus
434 1930 533 1982 mente
548 1924 676 1982 castillca
693 1923 847 1982 borridum

172 2023 348 2084 memorque
364 2009 468 2066 matris
482 2014 582 2068 metue
598 2007 775 2068 concubitus
791 2024 894 2068 nouus.

139 2088 164 2148 l'
218 2091 345 2152 Miscere
359 2090 507 2153 thalamos
522 2093 614 2171 patris
630 2101 659 2152 et
673 2093 753 2170 gnati
769 2109 897 2172 apparas

172 2184 320 2255 uteroque
335 2176 451 2255 prolem
468 2194 576 2256 capere
591 2176 745 2238 contusam
762 2178 862 2255 inpio?

172 2278 267 2339 perge
283 2269 313 2321 et
327 2261 463 2321 nefandis
477 2268 563 2323 uerte
576 2269 712 2323 naturam
729 2261 856 2340 ignibus.

174 2365 229 2406 cnr
245 2355 375 2407 monstra
392 2347 527 2407 cessant?
549 2345 615 2407 aula
631 2364 685 2407 cur
702 2346 802 2407 iratris
817 2346 921 2409 uacat?

173 2430 308 2509 prodigia
323 2431 432 2492 totiens
447 2431 530 2491 orbis
544 2433 658 2493 insueta
674 2432 787 2499 audiet.

174 2523 279 2575 natura
296 2518 405 2577 totiens
419 2515 536 2595 legibus
551 2514 637 2577 cedet
651 2518 726 2584 suis,

176 2602 311 2679 quotiens
325 2600 438 2663 amabit
453 2600 576 2662 Cressa?

149 2708 166 2757 g
218 2698 275 2744 ΡΗ.
603 2704 680 2764 quae
696 2703 844 2746 memoras
860 2687 921 2745 scio

177 2788 250 2829 uera
265 2788 327 2832 esse
342 2773 459 2840 nutrix,
483 2770 535 2831 sed
554 2770 639 2831 lrrror
654 2772 734 2847 cogit
749 2772 833 2850 sequi

179 2856 288 2931 peiora.
318 2855 401 2916 uadit
415 2857 532 2915 animus
548 2856 577 2915 in
594 2873 737 2933 praeceps
753 2858 849 2916 sciens

180 2948 347 3019 remeatque
361 2940 472 2999 trustra
488 2957 559 3000 sana
577 2940 698 3001 consilia
714 2946 866 3018 appetens.

181 3024 225 3083 sic
240 3042 302 3084 cum
317 3032 470 3101 granatam
489 3026 587 3084 nauita
603 3024 728 3084 aduersa
745 3033 838 3085 ralem

181 3107 315 3185 propellit
330 3108 423 3176 unda,
441 3109 520 3169 cedit
534 3111 564 3168 in
581 3127 691 3169 uanum
707 3107 792 3169 labor

250 3362 295 3411 160
312 3362 378 3426 qnid
395 3362 444 3412 ille
463 3362 529 3427 quid
547 3361 595 3412 ille
613 3362 638 3411 Ε
650 3359 662 3427 ΙΙ
675 3363 723 3412 167
737 3363 868 3413 consciae
881 3363 973 3412 noctis
985 3363 1010 3412 A
1030 3378 1094 3412 con-

185 3428 258 3477 sciae
274 3432 372 3479 mentia
390 3438 413 3493 ψ
433 3432 561 3480 conscius
578 3431 680 3479 mentis
692 3430 782 3481 EMJR
794 3427 806 3497 Η
819 3432 866 3482 172
884 3446 972 3495 uagus
991 3431 1097 3495 campis

186 3498 249 3558 geta
264 3498 286 3545 Α
303 3499 369 3562 uagi
381 3499 484 3563 campis
496 3503 580 3563 getae
598 3498 647 3547 Eli
664 3500 740 3551 Voss.
759 3499 878 3562 (campis
890 3514 960 3548 corr.
973 3514 1009 3547 ex
1022 3514 1096 3547 cum-

185 3576 238 3625 pus
251 3563 281 3628 ll)
293 3559 304 3631 ll
316 3568 364 3616 176
383 3572 469 3631 gnato
487 3582 556 3617 corr.
577 3569 593 3615 2
611 3569 653 3615 uel
670 3569 688 3616 3
706 3582 737 3619 m.
756 3582 792 3617 ea:
809 3570 896 3631 gnata
908 3566 934 3614 E
952 3568 1030 3631 gnati
1043 3566 1068 3615 A
1087 3561 1095 3627 d

188 3631 238 3680 179
253 3631 340 3683 fratris
358 3634 383 3685 A
402 3635 492 3700 patris
511 3633 536 3682 E
559 3629 571 3699 {l
