2750 4250
266 341 330 406 286
550 356 582 404 n.
598 353 733 402 anunm
748 352 905 401 sennenn

265 497 456 576 magnificum
472 502 503 556 et
516 495 623 571 ingens
638 492 716 554 nulla
733 492 812 572 quod
827 495 924 571 rapiat
938 493 1017 562 dies,

266 583 411 662 prodesse
425 582 558 648 miseris,
574 578 724 657 supplices
739 578 797 638 fido
813 578 875 638 lare

267 678 435 745 protegere.
466 665 561 726 solum
577 664 635 724 hoc
650 662 783 724 colchico
798 681 892 742 regno
908 663 999 724 extuli

266 755 357 814 decus
372 751 442 812 ittud
459 753 563 828 ingens
578 747 689 826 gloriae
705 748 809 808 florem
825 748 957 809 inclitum

265 837 413 916 praesidia
428 837 552 896 achinoe
567 836 662 913 gemis
678 842 707 894 et
722 834 838 912 prolem
853 835 940 896 deum

266 940 403 984 seruasse
418 928 537 982 memet.

249 1009 257 1030 ‘
574 1004 684 1065 Munus
699 1014 744 1065 cst
760 1004 896 1084 Orpheus
911 1022 1010 1064 meum

266 1090 336 1172 [qut
347 1109 429 1152 saxa
442 1098 537 1152 contu
551 1093 661 1150 mulcet
674 1100 704 1150 et
717 1093 812 1151 siluas
826 1087 940 1170 trahit]

265 1178 475 1254 geminumque
491 1191 601 1234 munus
616 1173 720 1235 Castor
736 1183 765 1234 et
779 1173 883 1234 Pollux
898 1192 996 1234 meum
1012 1182 1060 1234 est

264 1264 378 1340 satique
393 1263 489 1322 Borea
505 1260 617 1337 quique
633 1268 718 1320 trans
735 1260 861 1319 Pontum
878 1278 996 1338 quoque

264 1350 410 1406 summota
426 1346 561 1424 Lynceus
576 1346 688 1405 lumine
704 1345 827 1404 inmisso
843 1344 925 1405 uidet

265 1448 426 1509 omnesque
442 1430 572 1506 Minyae:
596 1448 666 1490 narn
683 1429 791 1490 ducem
809 1437 891 1490 taceo
907 1428 1015 1489 ducum

263 1533 319 1592 pro
334 1533 393 1593 quo
408 1513 482 1574 nihil
497 1513 640 1585 debetur,
656 1515 738 1575 hunc
754 1512 826 1574 nulli
840 1515 960 1593 inputo:
1003 1553 1017 1582 s

263 1599 350 1659 uobis
365 1601 470 1662 reneri
484 1609 616 1670 ceteros,
633 1617 726 1660 uuum
742 1600 823 1659 mihi.

229 1695 247 1744 d
305 1684 519 1746 lucessenunc
535 1691 563 1743 et
579 1693 713 1744 cuncta
729 1683 1041 1762 flagitiaingere.

263 1767 395 1829 fatebor:
418 1768 497 1828 obici
512 1771 626 1831 crimen
642 1769 701 1829 hoc
715 1768 813 1828 solum
827 1777 928 1846 potest

262 1855 342 1930 Argo
358 1871 490 1914 reuersa.
521 1854 631 1932 uirgini
647 1852 764 1932 placeat
780 1853 877 1931 pudor

262 1946 405 2014 paterque
421 1936 549 2015 placeat:
573 1947 632 1999 tota
650 1957 719 2000 cum
736 1938 862 1999 ducibus
877 1947 946 1999 ruet

262 2018 381 2099 pelasga
398 2021 498 2093 tellus,
514 2023 574 2083 hic
590 2032 658 2084 tuus
673 2019 804 2102 primurn
820 2041 939 2100 gener

263 2106 339 2165 tauri
354 2104 462 2167 ferocis
478 2126 530 2168 ore
543 2107 708 2185 flammanti
724 2108 850 2170 occidet.

231 2215 245 2248 ο
305 2188 436 2251 Fortuna
451 2209 570 2253 eausam
586 2195 662 2271 quast
677 2192 758 2255 uolet
774 2202 907 2255 nostram
923 2202 1055 2273 premat,

261 2290 321 2331 non
337 2278 466 2353 paenitet
480 2296 617 2339 seruasse
631 2286 676 2338 tot
691 2296 797 2356 regum
813 2280 914 2341 decus,

261 2358 469 2438 quodcumque
485 2361 572 2441 culpa
589 2366 755 2441 praemium
773 2367 907 2424 exomni
924 2363 992 2433 tuli,

261 2439 319 2500 hoc
334 2451 391 2503 est
405 2463 518 2523 penes
532 2456 575 2506 te.
607 2449 633 2508 si
647 2447 760 2527 placet:
783 2449 891 2509 damna
907 2468 1006 2519 ream,

261 2523 608 2592 sedreddecrimen.
639 2550 717 2593 sum
733 2536 988 2595 nocensiateor
1004 2534 1090 2595 Creo.

228 2608 251 2668 θ’
303 2609 426 2671 Talem
442 2614 594 2675 sciebas
609 2634 705 2687 esse,
724 2635 791 2677 cum
807 2636 904 2695 genua
920 2620 1003 2695 attigi

260 2691 407 2774 fidemque
423 2698 547 2775 supplex
564 2702 709 2778 praesidis
725 2702 827 2761 dextra
843 2705 914 2782 peti.

263 2894 462 2909 ’Ἁ-

327 3032 376 3081 223
393 3036 485 3166 rapiet
503 3051 522 3085 α
543 3031 556 3101 Η
579 3037 629 3085 226
647 3040 779 3101 graeciae
798 3040 841 3091 Αε
864 3041 973 3106 gloriae
992 3052 1017 3103 ψ
1030 3044 1057 3093 Ε
1068 3050 1088 3093 t.
1103 3044 1149 3095 Gr.
1171 3045 1184 3105 Η

260 3095 309 3144 229
326 3098 409 3149 delecti
419 3095 424 3165 i
443 3104 493 3152 230
511 3104 669 3167 gemiuique
687 3109 720 3155 ci.
740 3107 817 3155 NHs.
830 3104 842 3173 Η
855 3110 936 3160 uerba
955 3127 1047 3161 meum
1067 3116 1109 3161 est
1125 3112 1187 3161 11117ιί

258 3171 400 3278 iitffla
417 3167 855 3305 'iiiidiitiiiiudiiii
873 3178 899 3226 Α
930 3178 1030 3297 ‘imam
1046 3175 1085 3247 sss
1083 3184 1184 3298 11⁹²·⁰⁰⁰

258 3295 323 3369 puto
341 3297 367 3343 A
395 3294 407 3361 Ι]
434 3302 484 3351 236
502 3272 614 3353 flamine
631 3305 672 3355 M)
698 3307 809 3358 flamma
827 3260 992 3379 AEmflpgipia
1012 3264 1115 3383 Agunt
1132 3263 1184 3366 {126

258 3372 360 3421 prmius
376 3363 403 3412 A
421 3368 535 3430 primum
553 3370 577 3418 Ε
589 3366 602 3437 ΙΙ
617 3374 666 3421 241
683 3374 923 3431 FEROOISORE
939 3383 1181 3436 -FRAGLANTE

258 3423 346 3474 Reser.
377 3430 396 3481 f.
416 3447 440 3483 ο.
457 3435 588 3515 flagranti
605 3439 630 3487 Α
658 3440 679 3491 f.
697 3456 721 3519 p.
739 3442 899 3499 flammanti
916 3451 943 3500 Ε
972 3450 984 3519 [l
1013 3456 1063 3504 242
1082 3468 1136 3517 qua
1154 3451 1181 3500 A

260 3504 329 3552 ‘1¹¹ae
347 3494 397 3558 ΒΨ
419 3494 431 3561 ΙΙ
454 3503 504 3551 244
521 3502 587 3551 tulli
603 3505 630 3552 Ε
653 3506 706 3555 tuh
723 3509 747 3555 Α
772 3506 784 3574 ss
809 3516 861 3564 248
879 3516 1007 3585 petijque
1026 3521 1142 3587 supplex
1161 3534 1180 3567 α

258 3555 496 3698 ggffiptprgtisulpph.
514 3569 595 3632 ψεΓΕ
606 3566 618 3635 [Ι
635 3571 749 3623 dextrae
769 3577 853 3631 iidem
873 3600 892 3634 α
911 3587 1010 3641 dextre
1028 3590 1100 3657 peeij
1116 3588 1182 3652 61Ιῶ
