2750 4250
527 379 689 427 undantes

164 529 264 582 teneret
277 527 325 580 aut
340 537 416 598 quae
431 520 525 596 regio.
556 538 615 580 non
632 518 788 580 hostilibus

162 605 281 666 confossa
296 604 360 665 teiis
375 612 479 681 pectus
494 615 544 665 aut
560 603 667 665 uinetis
683 621 788 665 manus

161 690 311 751 secantibus
325 692 514 768 praestricta,
533 708 591 749 non
607 691 667 749 acri
684 689 759 749 tatus

161 784 303 853 utrumque
318 775 434 836 flamma
452 776 547 835 cincta
563 784 726 835 maternam
743 773 830 835 fidem
1076 784 1126 834 570

160 878 284 938 umquam
300 862 455 921 exuissem.

138 945 154 1002 d
500 946 616 1005 Gnate
632 946 699 1022 quis
715 952 743 1004 te
759 961 839 1004 nunc
855 942 937 1004 iocus

161 1032 261 1091 fortuna
277 1048 352 1107 quae
367 1029 517 1107 possedit?
540 1047 643 1090 errore
658 1030 725 1089 auio

160 1134 239 1193 uagus
254 1134 323 1175 arua
340 1114 467 1175 lustras?
490 1121 591 1174 uastus
605 1133 642 1173 an
659 1115 770 1190 patriae
785 1131 880 1192 uapor

160 1202 294 1277 conripuit
308 1201 408 1260 artus?
432 1217 539 1259 saeuus
554 1217 590 1258 an
607 1202 704 1259 uictor
719 1208 770 1259 tuo

159 1284 216 1344 lusit
231 1287 354 1345 cruore?
378 1284 521 1362 numquid
537 1284 664 1344 inmanis
680 1284 761 1344 ierac

160 1388 245 1429 morsu
261 1378 432 1448 peremptus
448 1371 545 1446 pascis
559 1369 658 1430 idaeas
673 1370 762 1428 atres?

136 1477 146 1510 e
192 1468 242 1513 vn.
266 1453 405 1514 Simulata
422 1471 544 1514 remoue
561 1454 667 1513 uerba:
692 1471 750 1513 non
767 1453 851 1513 facilc
867 1453 979 1513 esttibi

159 1539 281 1616 decipere
297 1538 415 1600 Vlixen:
439 1540 566 1599 uicimus
580 1547 707 1599 matrum
725 1537 808 1598 dolos

160 1625 230 1684 etiam
246 1624 378 1684 dearum.
410 1643 493 1685 cassa
509 1623 631 1683 consilia
647 1641 762 1682 arnone.

160 1709 199 1768 ubi
211 1720 294 1769 natus
310 1709 372 1769 esti
1078 1715 1128 1764 580

160 1808 250 1854 uuna.
406 1793 456 1854 ubi
473 1795 600 1854 Hector?
623 1793 674 1852 ubi
690 1793 788 1853 cuncti
803 1793 952 1872 Phryges?

160 1878 200 1937 ubi
212 1879 362 1939 Priamus?
385 1897 477 1938 unum
493 1881 626 1957 quaeris,
644 1895 700 1956 ego
716 1897 825 1957 quaero
842 1880 950 1938 omnia.

136 1960 153 2018 ε’
193 1977 241 2025 vn.
266 1965 373 2025 Coacta
390 1964 472 2022 dices
487 1971 592 2040 sponte
608 1964 687 2040 quod
703 1963 759 2023 iaci
775 1963 889 2023 abnuis.

160 2062 249 2109 anna.
272 2058 333 2109 tuta
351 2058 395 2108 est
410 2050 510 2125 perire
525 2066 600 2127 quae
616 2057 714 2125 potest
729 2048 819 2109 debet
834 2052 924 2127 cupit.

160 2149 203 2193 vn.
223 2135 375 2212 magnifica
392 2133 482 2194 uerba
499 2151 579 2193 mors
594 2151 688 2211 prope
705 2136 820 2195 admota
837 2136 954 2195 excutit.
1015 2146 1036 2187 t.
1051 2144 1126 2187 xxxi

161 2233 250 2279 nunu.
273 2222 298 2279 si
314 2220 361 2279 uis
375 2218 456 2279 Vlixe
472 2236 580 2295 cogere
595 2220 834 2280 Andromacham
851 2229 945 2289 metu,
1077 2230 1127 2280 585

162 2305 235 2364 uitam
250 2308 377 2365 minare:
394 2323 462 2364 nam
478 2305 555 2363 mori
570 2312 671 2364 uotum
687 2313 733 2364 est
748 2305 827 2365 mihi.

136 2394 146 2442 t
194 2404 242 2449 vn.
264 2389 445 2449 Verberibus
459 2390 521 2465 igni
538 2398 633 2449 morte
649 2390 780 2449 cruciatu
799 2390 895 2467 eloqui

162 2476 351 2553 quodcumque
368 2474 446 2535 oetas
461 2475 559 2550 adiget
573 2476 694 2534 inuitam
712 2472 798 2535 dolor

162 2566 185 2617 et
197 2569 309 2637 pectore
324 2561 383 2619 imo
400 2559 516 2619 condita
533 2578 639 2618 arcana
657 2568 750 2619 eruet.

162 2646 303 2704 necessitas
319 2644 386 2721 plus
401 2662 488 2722 posse
504 2662 593 2723 ‹puam
608 2646 703 2721 pietas
718 2644 802 2704 solet.
1076 2653 1126 2703 590

137 2732 150 2781 t
196 2743 292 2790 nunu.
317 2728 456 2807 Propone
475 2729 610 2789 flammas
621 2730 733 2802 funera
751 2739 780 2789 et
795 2730 874 2789 diras
890 2728 959 2789 mah

163 2811 255 2873 doloris
270 2822 348 2874 artes
364 2824 393 2873 et
410 2814 514 2874 samem
532 2823 561 2873 et
575 2832 695 2874 saeuam
713 2816 790 2874 sitim

163 2900 300 2977 uariasque
315 2909 415 2975 pestes
431 2899 562 2975 undique
579 2907 608 2958 et
622 2899 734 2958 serrum
753 2899 877 2959 inditum

163 2982 308 3044 uisceribus
323 2984 398 3043 ustis
413 2985 543 3043 carceris
558 2985 637 3043 caeci
652 2982 730 3043 inem

165 3072 189 3123 et
200 3069 326 3147 quicquid
342 3068 431 3128 audet
445 3070 541 3128 uictor
556 3072 649 3128 iratus
663 3070 771 3129 timens
790 3104 824 3112 —
1078 3076 1128 3127 595

167 3216 347 3232 *¹⁸*—

220 3307 266 3357 cca
287 3312 335 3356 auc
352 3308 378 3357 Α
402 3282 462 3355 ia
484 3302 497 3371 ιι
520 3306 637 3355 arnonus
654 3307 680 3356 n
704 3304 714 3371 p
738 3309 786 3357 aar
806 3323 821 3356 0
840 3308 900 3357 aasz.
918 3304 954 3355 n³
977 3302 988 3372 tt
1012 3308 1062 3358 aaa

167 3373 308 3437 possidetur
331 3371 344 3439 11
367 3375 416 3425 586
435 3390 499 3422 nam
517 3374 568 3422 ΕΑ
587 3374 642 3423 iam
660 3382 684 3438 ap
705 3372 716 3441 Η
740 3377 789 3427 587
807 3375 867 3439 igni
887 3389 900 3425 ε
918 3375 983 3438 igno
1003 3376 1026 3423 Α
1048 3376 1061 3439 Η

166 3446 211 3498 post
225 3458 247 3491 n.
260 3444 308 3492 590
325 3445 497 3506 interponitor
514 3460 538 3490 n.
550 3443 601 3491 596
619 3440 681 3503 (uon
700 3445 790 3493 addita
804 3459 933 3507 personae
947 3444 1019 3503 nota)
1038 3454 1061 3505 ψ
1141 3493 1143 3499 ,

167 3504 206 3563 (hic
216 3516 238 3557 et
249 3512 336 3560 iterum
348 3528 393 3560 suo
405 3516 461 3561 loeo
473 3512 565 3572 tegitur
577 3512 602 3559 a‘u
617 3511 649 3572 G)
662 3509 674 3575 ΙΙ
685 3513 735 3561 591
754 3510 870 3559 uulnera
883 3512 934 3560 EA
954 3511 1061 3561 funera

166 3577 243 3639 scripsi
257 3579 290 3640 cs.
309 3596 332 3627 u.
350 3578 399 3628 726
426 3576 562 3627 uerbera
581 3578 655 3626 Nlls.
687 3576 699 3645 {i
728 3580 777 3629 592
797 3582 872 3628 artes
890 3579 984 3627 famen
1002 3578 1027 3626 E
1047 3578 1060 3640 Η

167 3677 206 3724 594
223 3654 274 3728 him
292 3680 317 3729 E
328 3677 340 3746 ΙΙ
352 3681 402 3730 595
419 3681 522 3729 timens
541 3678 593 3727 Et.
606 3680 704 3732 IGron.
719 3680 780 3730 itud
791 3696 839 3744 mp.
859 3684 965 3729 tumens
987 3674 1034 3743 ΑΗ
