2750 4250
306 352 368 418 358
692 365 835 413 euenum

347 506 393 569 En
409 508 471 587 ipse
486 507 563 585 picta
579 514 661 567 ueste
677 505 811 567 sublimis
826 508 902 568 iacet

306 592 417 654 Priami
432 592 576 672 superbas
591 608 718 671 corpore
734 593 856 652 exuuias
870 610 982 671 gerens.

306 678 464 739 detrahere
479 676 576 739 cultus
591 695 666 737 uxor
682 673 805 738 hostiles
820 677 918 748 iuhet,

305 763 429 824 induere
444 767 544 841 potius
559 763 692 841 coniugis
706 762 781 822 fidae
797 780 887 823 manu

307 856 402 909 textos
418 849 551 909 amictus.

593 931 704 993 horreo
720 940 807 1012 atque
823 934 921 993 animo
937 940 1032 993 treme.

306 1036 447 1095 regemne
462 1019 590 1097 perimet
606 1018 673 1079 exul
688 1026 718 1078 et
732 1016 846 1079 adulter
861 1019 977 1079 uirum?

306 1120 417 1164 uenere
433 1103 506 1172 iata,
524 1104 697 1180 sanguinem
713 1110 864 1164 extremae
881 1103 972 1182 dapes

305 1188 416 1248 demini
435 1188 578 1249 uidebunt
592 1196 621 1248 et
636 1206 727 1249 cruor
742 1187 855 1248 bacche
870 1188 989 1248 incidet.

347 1272 499 1335 Mortiiera
513 1275 647 1335 uinctum
663 1272 794 1352 perfidae
808 1273 906 1334 tradet
920 1275 987 1333 neci

305 1357 406 1418 induta
421 1359 527 1419 uestis:
551 1362 662 1420 exitum
678 1357 818 1419 manibus
832 1363 944 1435 negant

305 1451 454 1523 caputque
469 1442 526 1505 laxi
542 1453 571 1504 et
585 1445 659 1504 inuii
673 1442 797 1503 cludunt
811 1446 902 1503 sinus.

306 1528 403 1589 haurit
418 1530 555 1589 trementi
570 1530 693 1591 semiuir
708 1529 810 1590 dextra
826 1529 902 1589 latus

306 1631 361 1674 uec
375 1615 492 1692 penitus
508 1616 582 1691 egit:
605 1612 731 1675 uulnere
746 1616 777 1673 in
794 1614 892 1674 medic
906 1620 1011 1691 stupet.

347 1701 383 1760 ut
398 1698 445 1759 ilie
460 1705 492 1758 ut
507 1699 572 1759 altis
587 1698 720 1776 hispidus
735 1696 817 1758 siluis
831 1716 904 1775 aper

307 1802 373 1844 cum
390 1802 472 1845 casse
486 1786 605 1845 uinctus
619 1791 745 1862 temptat
760 1801 896 1860 egressus
911 1791 1008 1843 tamen

305 1877 440 1948 artatque
456 1877 537 1932 metu
553 1868 650 1931 uincla
667 1877 697 1929 et
710 1870 860 1928 incassum
875 1867 964 1939 furit,

306 1956 387 2033 cupit
401 1954 527 2015 fluentes
542 1954 672 2033 undique
690 1961 719 2015 et
734 1970 839 2014 caecus
854 1954 935 2015 sinus

306 2038 431 2101 disicere
447 2047 476 2100 et
491 2039 606 2101 hostem
622 2040 737 2119 quaerit
751 2038 900 2116 inplicitus
915 2057 1009 2101 suum.

346 2128 449 2186 hamat
463 2125 586 2206 bipenni
600 2125 746 2205 Tyndaris
761 2124 895 2185 dextram
911 2125 1013 2186 furens

306 2210 458 2290 qualisque
474 2211 508 2271 ad
525 2229 591 2272 aras
607 2210 680 2272 colla
696 2220 851 2271 taurorum
868 2215 935 2287 pius

307 2296 440 2375 designat
455 2295 548 2357 oculis
563 2305 631 2357 ante
647 2314 735 2376 quam
750 2295 831 2356 ferre
847 2303 942 2373 petat:

307 2383 351 2441 sic
364 2381 422 2442 huc
439 2389 468 2442 et
482 2380 550 2443 illuc
565 2382 676 2461 inpiam
692 2380 782 2440 librat
797 2398 926 2441 manum.

304 2466 409 2538 hahet,
426 2474 579 2546 peractum
596 2473 649 2527 est.
680 2465 790 2546 pendet
805 2468 911 2543 exigua
927 2466 1006 2527 male

303 2561 392 2632 caput
407 2559 588 2631 amputatum
605 2559 689 2630 parte
706 2559 735 2612 et
749 2551 819 2611 hinc
836 2559 941 2611 trunco
957 2569 1047 2615 cruor

304 2638 447 2706 exundat,
463 2635 546 2698 illinc
562 2655 613 2698 ora
630 2655 697 2697 cum
713 2637 834 2697 fremitu
848 2637 956 2696 iacent.

345 2723 483 2786 Nondum
498 2723 651 2784 recedunt.
668 2720 717 2783 iile
732 2723 791 2783 iarn
807 2722 942 2782 exanime
956 2726 1062 2803 inpetit

303 2808 471 2888 laceratque
487 2826 610 2887 corpus,
626 2807 676 2868 iila
693 2808 853 2868 fodientem
870 2806 1005 2880 adiuuat,
1155 2814 1172 2857 F·
1182 2807 1213 2850 eu

304 2904 429 2974 uterque
446 2901 526 2956 tanto
541 2891 654 2954 scelere
670 2892 832 2973 respondet
847 2895 923 2953 suis:

306 2990 349 3043 est
363 2982 412 3042 hic
428 2981 577 3059 Thyestae
592 2988 700 3056 gnatus
715 2978 790 3038 haec
803 2977 933 3039 Helenae
949 2997 1044 3041 soror.

305 3074 361 3128 stat
377 3086 447 3128 eece
463 3067 549 3128 Titan
566 3063 672 3125 dubius
689 3064 813 3125 emerite
829 3063 876 3124 die

305 3170 397 3213 suane
413 3159 514 3214 currat
528 3169 566 3212 an
581 3149 713 3230 thyestea
730 3151 787 3210 uia.

900 3361 912 3389 0

374 3411 423 3460 aar
441 3409 478 3458 nt
496 3425 517 3458 ω
535 3407 583 3456 en
603 3407 679 3456 nus.
702 3401 716 3472 p
737 3406 788 3456 945
805 3401 917 3470 perne&
933 3401 969 3453 m
993 3401 1005 3470 ιι
1028 3407 1078 3456 sec
1099 3398 1194 3476 nepte

307 3482 422 3544 negant
440 3477 516 3527 NHa.
537 3471 549 3542 d
572 3476 622 3525 947
640 3473 711 3524 inuli
728 3473 754 3522 E
770 3474 842 3522 inuii
859 3475 884 3523 Α
904 3468 917 3538 ss
937 3474 987 3522 949
1005 3474 1064 3539 egit
1081 3473 1104 3522 E
1119 3465 1193 3532 apii

308 3547 395 3612 adigit
412 3547 438 3597 A
462 3541 474 3612 Η
497 3543 546 3595 956
564 3546 641 3608 priua
658 3559 680 3592 ω
700 3543 770 3607 pius
788 3543 928 3592 Ascensias
950 3537 963 3606 ss
986 3543 1036 3592 962
1057 3523 1194 3606 exanimed

308 3617 462 3667 exanimem
480 3613 504 3662 Α
519 3611 530 3676 ΙΙ
542 3612 613 3676 petit
630 3627 652 3659 ω
670 3610 787 3674 impetit
804 3610 880 3661 NHs.
897 3605 909 3676 ΙΙ
928 3608 978 3660 966
996 3611 1047 3659 Est
1065 3610 1108 3660 hie
1123 3603 1143 3655 Ε
1157 3597 1195 3648 Η19

308 3689 351 3734 est
368 3684 393 3732 A
405 3680 418 3747 Η
430 3681 553 3744 Thyeste
572 3677 623 3724 EA
642 3675 792 3740 Thyestae
812 3677 890 3729 Gran.
914 3673 927 3742 ΙΙ
