<?xml version="1.0" encoding="UTF-8"?>
<!DOCTYPE html PUBLIC "-//W3C//DTD XHTML 1.0 Transitional//EN"
    "http://www.w3.org/TR/xhtml1/DTD/xhtml1-transitional.dtd">
<html xmlns="http://www.w3.org/1999/xhtml" xml:lang="en" lang="en">
 <head>
  <title>
</title>
<meta http-equiv="Content-Type" content="text/html;charset=utf-8" />
  <meta name='ocr-system' content='tesseract 3.04.00' />
  <meta name='ocr-capabilities' content='ocr_page ocr_carea ocr_par ocr_line ocrx_word'/>
</head>
<body>
  <div class='ocr_page' id='page_1' title='image "./tragoediaeacced00richgoog_0429.png"; bbox 0 0 2750 4250; ppageno 0'>
   <div class='ocr_carea' id='block_1_1' title="bbox 250 341 844 431">
    <p class='ocr_par' dir='ltr' id='par_1_1' title="bbox 250 341 844 431">
     <span class='ocr_line' id='line_1_1' title="bbox 250 341 844 431; baseline -0.007 -25"><span class='ocrx_word' id='word_1_1' title='bbox 250 424 252 431; x_wconf 13' lang='grc' dir='ltr'><em>Α</em></span> <span class='ocrx_word' id='word_1_2' title='bbox 312 341 376 407; x_wconf 79' lang='grc'><strong>378</strong></span> <span class='ocrx_word' id='word_1_3' title='bbox 701 355 844 403; x_wconf 83' lang='lat' dir='ltr'><strong>rucnnrr</strong></span> 
     </span>
    </p>
   </div>
   <div class='ocr_carea' id='block_1_2' title="bbox 305 493 1252 2856">
    <p class='ocr_par' dir='ltr' id='par_1_2' title="bbox 313 493 887 575">
     <span class='ocr_line' id='line_1_2' title="bbox 313 493 887 575; baseline 0 -20"><span class='ocrx_word' id='word_1_4' title='bbox 313 497 415 573; x_wconf 79' lang='lat' dir='ltr'><strong>ignara</strong></span> <span class='ocrx_word' id='word_1_5' title='bbox 431 495 525 564; x_wconf 91' lang='lat' dir='ltr'><strong>uinci,</strong></span> <span class='ocrx_word' id='word_1_6' title='bbox 541 496 567 554; x_wconf 89' lang='lat' dir='ltr'><strong>si</strong></span> <span class='ocrx_word' id='word_1_7' title='bbox 582 494 653 575; x_wconf 88' lang='lat' dir='ltr'><strong>quid</strong></span> <span class='ocrx_word' id='word_1_8' title='bbox 668 495 793 555; x_wconf 78' lang='lat' dir='ltr'>excessit</span> <span class='ocrx_word' id='word_1_9' title='bbox 808 493 887 555; x_wconf 78' lang='lat' dir='ltr'><strong>ieras</strong></span> 
     </span>
    </p>

    <p class='ocr_par' dir='ltr' id='par_1_3' title="bbox 310 578 1048 1081">
     <span class='ocr_line' id='line_1_3' title="bbox 313 578 1014 657; baseline 0 -18"><span class='ocrx_word' id='word_1_10' title='bbox 313 581 430 642; x_wconf 82' lang='lat' dir='ltr'><strong>inmane</strong></span> <span class='ocrx_word' id='word_1_11' title='bbox 446 579 543 640; x_wconf 90' lang='lat' dir='ltr'><strong>dirum</strong></span> <span class='ocrx_word' id='word_1_12' title='bbox 560 578 702 639; x_wconf 80' lang='lat' dir='ltr'><strong>horribile</strong></span> <span class='ocrx_word' id='word_1_13' title='bbox 717 596 776 657; x_wconf 90' lang='lat' dir='ltr'><strong>quo</strong></span> <span class='ocrx_word' id='word_1_14' title='bbox 791 578 856 639; x_wconf 87' lang='lat' dir='ltr'><strong>uiso</strong></span> <span class='ocrx_word' id='word_1_15' title='bbox 871 578 1014 641; x_wconf 87' lang='lat' dir='ltr'><strong>iiercules</strong></span> 
     </span>
     <span class='ocr_line' id='line_1_4' title="bbox 311 663 1008 742; baseline -0.006 -17"><span class='ocrx_word' id='word_1_16' title='bbox 311 671 428 725; x_wconf 80' lang='lat' dir='ltr'><strong>eruerint</strong></span> <span class='ocrx_word' id='word_1_17' title='bbox 443 663 559 724; x_wconf 91' lang='lat' dir='ltr'><strong>oculos:</strong></span> <span class='ocrx_word' id='word_1_18' title='bbox 583 664 642 725; x_wconf 86' lang='lat' dir='ltr'><strong>hue</strong></span> <span class='ocrx_word' id='word_1_19' title='bbox 657 681 750 742; x_wconf 82' lang='lat' dir='ltr'>specu</span> <span class='ocrx_word' id='word_1_20' title='bbox 765 663 900 725; x_wconf 88' lang='lat' dir='ltr'><strong>inmenso</strong></span> <span class='ocrx_word' id='word_1_21' title='bbox 915 673 1008 725; x_wconf 79' lang='lat' dir='ltr'><strong>exeat.</strong></span> 
     </span>
     <span class='ocr_line' id='line_1_5' title="bbox 312 747 1039 828; baseline -0.003 -19"><span class='ocrx_word' id='word_1_22' title='bbox 312 747 360 810; x_wconf 91' lang='lat' dir='ltr'><strong>uei</strong></span> <span class='ocrx_word' id='word_1_23' title='bbox 376 751 401 809; x_wconf 93' lang='lat' dir='ltr'><strong>si</strong></span> <span class='ocrx_word' id='word_1_24' title='bbox 416 749 497 808; x_wconf 87' lang='lat' dir='ltr'><strong>ierac</strong></span> <span class='ocrx_word' id='word_1_25' title='bbox 512 756 673 825; x_wconf 75' lang='lat' dir='ltr'><strong>negantur:</strong></span> <span class='ocrx_word' id='word_1_26' title='bbox 697 747 775 809; x_wconf 80' lang='lat' dir='ltr'><strong>hanc</strong></span> <span class='ocrx_word' id='word_1_27' title='bbox 790 749 917 809; x_wconf 75' lang='lat' dir='ltr'><strong>animam</strong></span> <span class='ocrx_word' id='word_1_28' title='bbox 931 765 1039 828; x_wconf 77' lang='lat' dir='ltr'><strong>precor</strong></span> 
     </span>
     <span class='ocr_line' id='line_1_6' title="bbox 310 830 1048 911; baseline 0 -18"><span class='ocrx_word' id='word_1_29' title='bbox 310 840 455 894; x_wconf 77' lang='lat' dir='ltr'><strong>conuerte</strong></span> <span class='ocrx_word' id='word_1_30' title='bbox 470 833 499 893; x_wconf 93' lang='lat' dir='ltr'><strong>in</strong></span> <span class='ocrx_word' id='word_1_31' title='bbox 516 831 613 895; x_wconf 81' lang='lat' dir='ltr'><strong>aliud·</strong></span> <span class='ocrx_word' id='word_1_32' title='bbox 635 830 789 911; x_wconf 86' lang='lat' dir='ltr'><strong>quodlibet</strong></span> <span class='ocrx_word' id='word_1_33' title='bbox 803 850 925 910; x_wconf 84' lang='lat' dir='ltr'><strong>possum</strong></span> <span class='ocrx_word' id='word_1_34' title='bbox 940 832 1048 895; x_wconf 87' lang='lat' dir='ltr'><strong>mnium</strong></span> 
     </span>
     <span class='ocr_line' id='line_1_7' title="bbox 312 916 980 994; baseline -0.001 -16"><span class='ocrx_word' id='word_1_35' title='bbox 312 919 367 979; x_wconf 83' lang='lat' dir='ltr'><strong>irnc</strong></span> <span class='ocrx_word' id='word_1_36' title='bbox 381 924 480 978; x_wconf 82' lang='lat' dir='ltr'><strong>menie</strong></span> <span class='ocrx_word' id='word_1_37' title='bbox 496 916 568 978; x_wconf 86' lang='lat' dir='ltr'><strong>deri.</strong></span> <span class='ocrx_word' id='word_1_38' title='bbox 600 917 747 978; x_wconf 83' lang='lat' dir='ltr'><strong>conmodr</strong></span> <span class='ocrx_word' id='word_1_39' title='bbox 761 917 891 994; x_wconf 74' lang='lat' dir='ltr'><strong>eiiigiem</strong></span> <span class='ocrx_word' id='word_1_40' title='bbox 905 918 980 979; x_wconf 88' lang='lat' dir='ltr'><strong>mihi</strong></span> 
     </span>
     <span class='ocr_line' id='line_1_8' title="bbox 312 1000 959 1081; baseline 0.002 -19"><span class='ocrx_word' id='word_1_41' title='bbox 312 1019 415 1081; x_wconf 76' lang='lat' dir='ltr'><strong>pereni</strong></span> <span class='ocrx_word' id='word_1_42' title='bbox 432 1000 541 1062; x_wconf 88' lang='lat' dir='ltr'><strong>dolori:</strong></span> <span class='ocrx_word' id='word_1_43' title='bbox 565 1019 625 1063; x_wconf 92' lang='lat' dir='ltr'><strong>non</strong></span> <span class='ocrx_word' id='word_1_44' title='bbox 641 1002 721 1079; x_wconf 78' lang='lat' dir='ltr'><strong>cupit</strong></span> <span class='ocrx_word' id='word_1_45' title='bbox 735 1008 840 1080; x_wconf 76' lang='lat' dir='ltr'><strong>pectus</strong></span> <span class='ocrx_word' id='word_1_46' title='bbox 854 1002 959 1063; x_wconf 84' lang='lat' dir='ltr'><strong>minas.</strong></span> 
     </span>
    </p>

    <p class='ocr_par' dir='ltr' id='par_1_4' title="bbox 309 1084 1026 1334">
     <span class='ocr_line' id='line_1_9' title="bbox 310 1084 907 1169; baseline 0 -22"><span class='ocrx_word' id='word_1_47' title='bbox 310 1087 383 1166; x_wconf 88' lang='lat' dir='ltr'><strong>quid</strong></span> <span class='ocrx_word' id='word_1_48' title='bbox 399 1088 513 1148; x_wconf 77' lang='lat' dir='ltr'><strong>excutis</strong></span> <span class='ocrx_word' id='word_1_49' title='bbox 528 1084 642 1169; x_wconf 81' lang='lat' dir='ltr'><strong>iellpris</strong></span> <span class='ocrx_word' id='word_1_50' title='bbox 658 1092 808 1147; x_wconf 81' lang='lat' dir='ltr'><strong>extremae</strong></span> <span class='ocrx_word' id='word_1_51' title='bbox 823 1087 907 1147; x_wconf 83' lang='lat' dir='ltr'><strong>sinus</strong></span> 
     </span>
     <span class='ocr_line' id='line_1_10' title="bbox 309 1169 1026 1251; baseline -0.003 -20"><span class='ocrx_word' id='word_1_52' title='bbox 309 1169 474 1251; x_wconf 85' lang='lat' dir='ltr'><strong>orbemque</strong></span> <span class='ocrx_word' id='word_1_53' title='bbox 491 1171 609 1232; x_wconf 81' lang='lat' dir='ltr'><strong>uersasi</strong></span> <span class='ocrx_word' id='word_1_54' title='bbox 632 1170 703 1251; x_wconf 90' lang='lat' dir='ltr'><strong>quid</strong></span> <span class='ocrx_word' id='word_1_55' title='bbox 717 1187 807 1248; x_wconf 81' lang='lat' dir='ltr'><strong>rogos</strong></span> <span class='ocrx_word' id='word_1_56' title='bbox 821 1171 918 1232; x_wconf 74' lang='lat' dir='ltr'><strong>Ditem</strong></span> <span class='ocrx_word' id='word_1_57' title='bbox 931 1170 1026 1231; x_wconf 80' lang='lat' dir='ltr'><strong>maini</strong></span> 
     </span>
     <span class='ocr_line' id='line_1_11' title="bbox 311 1255 915 1334; baseline -0.002 -18"><span class='ocrx_word' id='word_1_58' title='bbox 311 1272 418 1317; x_wconf 86' lang='lat' dir='ltr'><strong>omncs</strong></span> <span class='ocrx_word' id='word_1_59' title='bbox 432 1256 462 1315; x_wconf 90' lang='lat' dir='ltr'><strong>in</strong></span> <span class='ocrx_word' id='word_1_60' title='bbox 479 1257 534 1316; x_wconf 69' lang='lat' dir='ltr'><strong>nio</strong></span> <span class='ocrx_word' id='word_1_61' title='bbox 549 1261 671 1334; x_wconf 80' lang='lat' dir='ltr'><strong>pectore</strong></span> <span class='ocrx_word' id='word_1_62' title='bbox 686 1255 822 1316; x_wconf 88' lang='lat' dir='ltr'><strong>inuenies</strong></span> <span class='ocrx_word' id='word_1_63' title='bbox 836 1255 915 1315; x_wconf 80' lang='lat' dir='ltr'><strong>ieros</strong></span> 
     </span>
    </p>

    <p class='ocr_par' dir='ltr' id='par_1_5' title="bbox 307 1337 1052 1824">
     <span class='ocr_line' id='line_1_12' title="bbox 311 1337 997 1421; baseline -0.001 -21"><span class='ocrx_word' id='word_1_64' title='bbox 311 1358 387 1421; x_wconf 81' lang='lat' dir='ltr'><strong>quas</strong></span> <span class='ocrx_word' id='word_1_65' title='bbox 403 1340 513 1401; x_wconf 76' lang='lat' dir='ltr'><strong>timuit:</strong></span> <span class='ocrx_word' id='word_1_66' title='bbox 538 1339 613 1401; x_wconf 91' lang='lat' dir='ltr'><strong>odiis</strong></span> <span class='ocrx_word' id='word_1_67' title='bbox 628 1341 730 1417; x_wconf 79' lang='lat' dir='ltr'><strong>accipe</strong></span> <span class='ocrx_word' id='word_1_68' title='bbox 745 1339 803 1401; x_wconf 89' lang='lat' dir='ltr'><strong>hoc</strong></span> <span class='ocrx_word' id='word_1_69' title='bbox 818 1337 908 1401; x_wconf 78' lang='lat' dir='ltr'><strong>telum</strong></span> <span class='ocrx_word' id='word_1_70' title='bbox 924 1341 997 1401; x_wconf 84' lang='lat' dir='ltr'><strong>tuis:</strong></span> 
     </span>
     <span class='ocr_line' id='line_1_13' title="bbox 307 1423 998 1504; baseline -0.003 -18"><span class='ocrx_word' id='word_1_71' title='bbox 307 1426 454 1504; x_wconf 77' lang='lat' dir='ltr'><strong>agedum</strong></span> <span class='ocrx_word' id='word_1_72' title='bbox 471 1441 600 1485; x_wconf 85' lang='lat' dir='ltr'><strong>nouerca</strong></span> <span class='ocrx_word' id='word_1_73' title='bbox 616 1424 745 1503; x_wconf 85' lang='lat' dir='ltr'><strong>perdere</strong></span> <span class='ocrx_word' id='word_1_74' title='bbox 760 1423 881 1484; x_wconf 74' lang='lat' dir='ltr'><strong>Alciden</strong></span> <span class='ocrx_word' id='word_1_75' title='bbox 897 1432 998 1502; x_wconf 81' lang='lat' dir='ltr'><strong>potes:</strong></span> 
     </span>
     <span class='ocr_line' id='line_1_14' title="bbox 309 1508 1052 1589; baseline -0.001 -20"><span class='ocrx_word' id='word_1_76' title='bbox 309 1509 412 1589; x_wconf 82' lang='lat' dir='ltr'><strong>profer</strong></span> <span class='ocrx_word' id='word_1_77' title='bbox 428 1526 533 1571; x_wconf 84' lang='lat' dir='ltr'><strong>monus</strong></span> <span class='ocrx_word' id='word_1_78' title='bbox 548 1526 746 1587; x_wconf 89' lang='lat' dir='ltr'><strong>quocumque.</strong></span> <span class='ocrx_word' id='word_1_79' title='bbox 777 1508 849 1587; x_wconf 88' lang='lat' dir='ltr'><strong>quid</strong></span> <span class='ocrx_word' id='word_1_80' title='bbox 864 1524 962 1571; x_wconf 83' lang='lat' dir='ltr'><strong>cesses</strong></span> <span class='ocrx_word' id='word_1_81' title='bbox 977 1508 1052 1569; x_wconf 81' lang='lat' dir='ltr'><strong>dee?</strong></span> 
     </span>
     <span class='ocr_line' id='line_1_15' title="bbox 309 1592 948 1671; baseline -0.005 -16"><span class='ocrx_word' id='word_1_82' title='bbox 309 1603 395 1655; x_wconf 84' lang='lat' dir='ltr'><strong>utere</strong></span> <span class='ocrx_word' id='word_1_83' title='bbox 412 1592 537 1654; x_wconf 81' lang='lat' dir='ltr'><strong>furente.</strong></span> <span class='ocrx_word' id='word_1_84' title='bbox 569 1592 646 1671; x_wconf 87' lang='lat' dir='ltr'><strong>quod</strong></span> <span class='ocrx_word' id='word_1_85' title='bbox 663 1592 749 1653; x_wconf 85' lang='lat' dir='ltr'><strong>iubes</strong></span> <span class='ocrx_word' id='word_1_86' title='bbox 764 1593 831 1653; x_wconf 86' lang='lat' dir='ltr'><strong>fieri</strong></span> <span class='ocrx_word' id='word_1_87' title='bbox 846 1593 948 1653; x_wconf 82' lang='lat' dir='ltr'><strong>neios‘i</strong></span> 
     </span>
     <span class='ocr_line' id='line_1_16' title="bbox 310 1677 1036 1757; baseline -0.003 -18"><span class='ocrx_word' id='word_1_88' title='bbox 310 1680 419 1757; x_wconf 90' lang='lat' dir='ltr'><strong>reperi.</strong></span> <span class='ocrx_word' id='word_1_89' title='bbox 451 1677 521 1757; x_wconf 89' lang='lat' dir='ltr'><strong>quid</strong></span> <span class='ocrx_word' id='word_1_90' title='bbox 537 1677 661 1739; x_wconf 77' lang='lat' dir='ltr'><strong>haeres?</strong></span> <span class='ocrx_word' id='word_1_91' title='bbox 684 1679 748 1756; x_wconf 88' lang='lat' dir='ltr'><strong>ipsa</strong></span> <span class='ocrx_word' id='word_1_92' title='bbox 763 1679 822 1739; x_wconf 83' lang='lat' dir='ltr'><strong>iam</strong></span> <span class='ocrx_word' id='word_1_93' title='bbox 838 1695 936 1739; x_wconf 81' lang='lat' dir='ltr'><strong>cesses</strong></span> <span class='ocrx_word' id='word_1_94' title='bbox 951 1677 1036 1749; x_wconf 89' lang='lat' dir='ltr'><strong>licet,</strong></span> 
     </span>
     <span class='ocr_line' id='line_1_17' title="bbox 310 1763 599 1824; baseline 0 -1"><span class='ocrx_word' id='word_1_95' title='bbox 310 1764 384 1823; x_wconf 84' lang='lat' dir='ltr'><strong>haec</strong></span> <span class='ocrx_word' id='word_1_96' title='bbox 399 1763 443 1822; x_wconf 83' lang='lat' dir='ltr'><strong>iru</strong></span> <span class='ocrx_word' id='word_1_97' title='bbox 460 1763 530 1824; x_wconf 82' lang='lat' dir='ltr'><strong>sniis</strong></span> <span class='ocrx_word' id='word_1_98' title='bbox 546 1767 599 1823; x_wconf 88' lang='lat' dir='ltr'><strong>est.</strong></span> 
     </span>
    </p>

    <p class='ocr_par' dir='ltr' id='par_1_6' title="bbox 306 1848 1252 2264">
     <span class='ocr_line' id='line_1_18' title="bbox 308 1848 963 1926; baseline -0.002 -18"><span class='ocrx_word' id='word_1_99' title='bbox 308 1861 411 1908; x_wconf 75' lang='lat' dir='ltr'><strong>xvru.</strong></span> <span class='ocrx_word' id='word_1_100' title='bbox 631 1848 762 1926; x_wconf 78' lang='lat' dir='ltr'><strong>pectoris</strong></span> <span class='ocrx_word' id='word_1_101' title='bbox 777 1848 843 1907; x_wconf 85' lang='lat' dir='ltr'><strong>sani</strong></span> <span class='ocrx_word' id='word_1_102' title='bbox 859 1864 963 1926; x_wconf 83' lang='lat' dir='ltr'><strong>parum</strong></span> 
     </span>
     <span class='ocr_line' id='line_1_19' title="bbox 306 1931 1042 2011; baseline -0.001 -19"><span class='ocrx_word' id='word_1_103' title='bbox 306 1931 427 1992; x_wconf 78' lang='lat' dir='ltr'><strong>alumna</strong></span> <span class='ocrx_word' id='word_1_104' title='bbox 443 1939 564 2011; x_wconf 74' lang='lat' dir='ltr'><strong>questus</strong></span> <span class='ocrx_word' id='word_1_105' title='bbox 579 1933 734 2010; x_wconf 88' lang='lat' dir='ltr'><strong>conprime</strong></span> <span class='ocrx_word' id='word_1_106' title='bbox 749 1938 779 1991; x_wconf 84' lang='lat' dir='ltr'><strong>et</strong></span> <span class='ocrx_word' id='word_1_107' title='bbox 793 1931 928 1992; x_wconf 79' lang='lat' dir='ltr'><strong>flammas</strong></span> <span class='ocrx_word' id='word_1_108' title='bbox 942 1932 1042 1992; x_wconf 84' lang='lat' dir='ltr'><strong>doma.</strong></span> 
     </span>
     <span class='ocr_line' id='line_1_20' title="bbox 309 2016 1244 2094; baseline -0.009 -19"><span class='ocrx_word' id='word_1_109' title='bbox 309 2016 393 2076; x_wconf 83' lang='lat' dir='ltr'><strong>irene</strong></span> <span class='ocrx_word' id='word_1_110' title='bbox 410 2016 554 2077; x_wconf 78' lang='lat' dir='ltr'><strong>dolorem.</strong></span> <span class='ocrx_word' id='word_1_111' title='bbox 585 2017 742 2094; x_wconf 84' lang='lat' dir='ltr'><strong>coniugem</strong></span> <span class='ocrx_word' id='word_1_112' title='bbox 758 2016 882 2076; x_wconf 81' lang='lat' dir='ltr'><strong>ostende</strong></span> <span class='ocrx_word' id='word_1_113' title='bbox 897 2016 1043 2077; x_wconf 82' lang='lat' dir='ltr'><strong>Herculis.</strong></span> <span class='ocrx_word' id='word_1_114' title='bbox 1088 2029 1110 2071; x_wconf 78' lang='lat' dir='ltr'><strong>n.</strong></span> <span class='ocrx_word' id='word_1_115' title='bbox 1121 2027 1204 2071; x_wconf 88' lang='lat' dir='ltr'>cxxxx</span> <span class='ocrx_word' id='word_1_116' title='bbox 1216 2020 1244 2068; x_wconf 75' lang='lat' dir='ltr'><strong>iro</strong></span> 
     </span>
     <span class='ocr_line' id='line_1_21' title="bbox 307 2099 1252 2178; baseline 0.003 -18"><span class='ocrx_word' id='word_1_117' title='bbox 307 2114 428 2162; x_wconf 78' lang='lat' dir='ltr'>Dulxx.</span> <span class='ocrx_word' id='word_1_118' title='bbox 452 2099 514 2162; x_wconf 88' lang='lat' dir='ltr'><strong>Iole</strong></span> <span class='ocrx_word' id='word_1_119' title='bbox 529 2102 603 2162; x_wconf 87' lang='lat' dir='ltr'><strong>meis</strong></span> <span class='ocrx_word' id='word_1_120' title='bbox 619 2102 735 2178; x_wconf 80' lang='lat' dir='ltr'><strong>captiuo</strong></span> <span class='ocrx_word' id='word_1_121' title='bbox 750 2118 909 2178; x_wconf 85' lang='lat' dir='ltr'><strong>germnnos</strong></span> <span class='ocrx_word' id='word_1_122' title='bbox 925 2101 1006 2163; x_wconf 81' lang='lat' dir='ltr'><strong>dabit</strong></span> <span class='ocrx_word' id='word_1_123' title='bbox 1251 2107 1252 2110; x_wconf 75' lang='grc'>’</span> 
     </span>
     <span class='ocr_line' id='line_1_22' title="bbox 308 2185 905 2264; baseline 0.002 -19"><span class='ocrx_word' id='word_1_124' title='bbox 308 2188 385 2246; x_wconf 83' lang='lat' dir='ltr'><strong>natis</strong></span> <span class='ocrx_word' id='word_1_125' title='bbox 400 2185 536 2264; x_wconf 89' lang='lat' dir='ltr'><strong>Iouisque</strong></span> <span class='ocrx_word' id='word_1_126' title='bbox 552 2187 601 2246; x_wconf 82' lang='lat' dir='ltr'><strong>fiet</strong></span> <span class='ocrx_word' id='word_1_127' title='bbox 617 2205 652 2246; x_wconf 87' lang='lat' dir='ltr'><strong>ex</strong></span> <span class='ocrx_word' id='word_1_128' title='bbox 669 2185 778 2246; x_wconf 76' lang='lat' dir='ltr'><strong>samnia</strong></span> <span class='ocrx_word' id='word_1_129' title='bbox 794 2187 905 2247; x_wconf 75' lang='lat' dir='ltr'><strong>nurus?</strong></span> 
     </span>
    </p>

    <p class='ocr_par' dir='ltr' id='par_1_7' title="bbox 306 2268 1035 2432">
     <span class='ocr_line' id='line_1_23' title="bbox 308 2268 1035 2348; baseline 0 -18"><span class='ocrx_word' id='word_1_130' title='bbox 308 2288 379 2330; x_wconf 88' lang='lat' dir='ltr'><strong>num</strong></span> <span class='ocrx_word' id='word_1_131' title='bbox 395 2268 512 2330; x_wconf 79' lang='lat' dir='ltr'><strong>damma</strong></span> <span class='ocrx_word' id='word_1_132' title='bbox 530 2288 635 2331; x_wconf 88' lang='lat' dir='ltr'><strong>cursus</strong></span> <span class='ocrx_word' id='word_1_133' title='bbox 652 2271 763 2348; x_wconf 80' lang='lat' dir='ltr'><strong>pariter</strong></span> <span class='ocrx_word' id='word_1_134' title='bbox 779 2274 809 2331; x_wconf 83' lang='lat' dir='ltr'><strong>ei</strong></span> <span class='ocrx_word' id='word_1_135' title='bbox 824 2280 942 2332; x_wconf 83' lang='lat' dir='ltr'><strong>torrens</strong></span> <span class='ocrx_word' id='word_1_136' title='bbox 955 2272 1035 2332; x_wconf 85' lang='lat' dir='ltr'><strong>ieret</strong></span> 
     </span>
     <span class='ocr_line' id='line_1_24' title="bbox 306 2354 959 2432; baseline -0.002 -16"><span class='ocrx_word' id='word_1_137' title='bbox 306 2363 339 2416; x_wconf 78' lang='lat' dir='ltr'><strong>et</strong></span> <span class='ocrx_word' id='word_1_138' title='bbox 353 2372 421 2415; x_wconf 81' lang='lat' dir='ltr'><strong>urso</strong></span> <span class='ocrx_word' id='word_1_139' title='bbox 439 2363 562 2432; x_wconf 88' lang='lat' dir='ltr'><strong>pontum</strong></span> <span class='ocrx_word' id='word_1_140' title='bbox 578 2356 655 2416; x_wconf 84' lang='lat' dir='ltr'><strong>sicca</strong></span> <span class='ocrx_word' id='word_1_141' title='bbox 672 2354 843 2416; x_wconf 81' lang='lat' dir='ltr'><strong>caeruleum</strong></span> <span class='ocrx_word' id='word_1_142' title='bbox 858 2355 959 2417; x_wconf 77' lang='lat' dir='ltr'><strong>bibet?</strong></span> 
     </span>
    </p>

    <p class='ocr_par' dir='ltr' id='par_1_8' title="bbox 305 2438 925 2602">
     <span class='ocr_line' id='line_1_25' title="bbox 308 2438 925 2517; baseline 0.002 -18"><span class='ocrx_word' id='word_1_143' title='bbox 308 2456 367 2499; x_wconf 93' lang='lat' dir='ltr'><strong>non</strong></span> <span class='ocrx_word' id='word_1_144' title='bbox 383 2439 432 2498; x_wconf 90' lang='lat' dir='ltr'><strong>ibo</strong></span> <span class='ocrx_word' id='word_1_145' title='bbox 447 2438 550 2499; x_wconf 79' lang='lat' dir='ltr'><strong>inulta.</strong></span> <span class='ocrx_word' id='word_1_146' title='bbox 582 2441 710 2517; x_wconf 83' lang='lat' dir='ltr'><strong>gesseris</strong></span> <span class='ocrx_word' id='word_1_147' title='bbox 726 2439 840 2512; x_wconf 77' lang='lat' dir='ltr'><strong>caelum</strong></span> <span class='ocrx_word' id='word_1_148' title='bbox 855 2439 925 2500; x_wconf 82' lang='lat' dir='ltr'><strong>iicet</strong></span> 
     </span>
     <span class='ocr_line' id='line_1_26' title="bbox 305 2523 914 2602; baseline 0 -19"><span class='ocrx_word' id='word_1_149' title='bbox 305 2529 445 2602; x_wconf 80' lang='lat' dir='ltr'><strong>totusque</strong></span> <span class='ocrx_word' id='word_1_150' title='bbox 461 2542 565 2602; x_wconf 83' lang='lat' dir='ltr'><strong>pacem</strong></span> <span class='ocrx_word' id='word_1_151' title='bbox 581 2523 687 2586; x_wconf 81' lang='lat' dir='ltr'><strong>debeat</strong></span> <span class='ocrx_word' id='word_1_152' title='bbox 702 2524 831 2584; x_wconf 85' lang='lat' dir='ltr'><strong>mundus</strong></span> <span class='ocrx_word' id='word_1_153' title='bbox 845 2523 914 2584; x_wconf 81' lang='lat' dir='ltr'><strong>tibi:</strong></span> 
     </span>
    </p>

    <p class='ocr_par' dir='ltr' id='par_1_9' title="bbox 305 2606 912 2688">
     <span class='ocr_line' id='line_1_27' title="bbox 305 2606 912 2688; baseline -0.002 -19"><span class='ocrx_word' id='word_1_154' title='bbox 305 2615 353 2669; x_wconf 76' lang='lat' dir='ltr'><strong>esi</strong></span> <span class='ocrx_word' id='word_1_155' title='bbox 368 2607 478 2688; x_wconf 88' lang='lat' dir='ltr'><strong>aliquid</strong></span> <span class='ocrx_word' id='word_1_156' title='bbox 493 2609 586 2688; x_wconf 80' lang='lat' dir='ltr'><strong>hydra</strong></span> <span class='ocrx_word' id='word_1_157' title='bbox 602 2611 704 2686; x_wconf 83' lang='lat' dir='ltr'><strong>potius</strong></span> <span class='ocrx_word' id='word_1_158' title='bbox 719 2609 811 2669; x_wconf 75' lang='lat' dir='ltr'><strong>iratae</strong></span> <span class='ocrx_word' id='word_1_159' title='bbox 827 2606 912 2668; x_wconf 87' lang='lat' dir='ltr'><strong>doior</strong></span> 
     </span>
    </p>

    <p class='ocr_par' dir='ltr' id='par_1_10' title="bbox 305 2691 1001 2856">
     <span class='ocr_line' id='line_1_28' title="bbox 306 2691 996 2772; baseline -0.004 -18"><span class='ocrx_word' id='word_1_160' title='bbox 306 2701 428 2772; x_wconf 84' lang='lat' dir='ltr'><strong>nuptae.</strong></span> <span class='ocrx_word' id='word_1_161' title='bbox 460 2695 525 2771; x_wconf 91' lang='lat' dir='ltr'><strong>quis</strong></span> <span class='ocrx_word' id='word_1_162' title='bbox 539 2695 616 2770; x_wconf 81' lang='lat' dir='ltr'><strong>ignis</strong></span> <span class='ocrx_word' id='word_1_163' title='bbox 632 2694 775 2754; x_wconf 75' lang='lat' dir='ltr'><strong>contusio</strong></span> <span class='ocrx_word' id='word_1_164' title='bbox 791 2691 905 2753; x_wconf 84' lang='lat' dir='ltr'><strong>caeluni</strong></span> <span class='ocrx_word' id='word_1_165' title='bbox 922 2692 996 2753; x_wconf 82' lang='lat' dir='ltr'><strong>furit</strong></span> 
     </span>
     <span class='ocr_line' id='line_1_29' title="bbox 305 2776 1001 2856; baseline -0.006 -16"><span class='ocrx_word' id='word_1_166' title='bbox 305 2778 438 2840; x_wconf 76' lang='lat' dir='ltr'><strong>ardentis</strong></span> <span class='ocrx_word' id='word_1_167' title='bbox 453 2778 581 2838; x_wconf 78' lang='lat' dir='ltr'><strong>Aetnae?</strong></span> <span class='ocrx_word' id='word_1_168' title='bbox 604 2777 745 2856; x_wconf 87' lang='lat' dir='ltr'><strong>quicquid</strong></span> <span class='ocrx_word' id='word_1_169' title='bbox 760 2786 805 2837; x_wconf 85' lang='lat' dir='ltr'><strong>est</strong></span> <span class='ocrx_word' id='word_1_170' title='bbox 821 2778 930 2838; x_wconf 80' lang='lat' dir='ltr'><strong>uictum</strong></span> <span class='ocrx_word' id='word_1_171' title='bbox 948 2776 1001 2838; x_wconf 82' lang='lat' dir='ltr'><strong>tibi</strong></span> 
     </span>
    </p>
   </div>
   <div class='ocr_carea' id='block_1_3' title="bbox 303 2959 1208 3708">
    <p class='ocr_par' dir='ltr' id='par_1_11' title="bbox 303 2959 1208 3708">
     <span class='ocr_line' id='line_1_30' title="bbox 347 2959 1206 3032; baseline -0.009 -16"><span class='ocrx_word' id='word_1_172' title='bbox 347 3024 359 3032; x_wconf 45' lang='lat'><strong>·</strong></span> <span class='ocrx_word' id='word_1_173' title='bbox 373 2967 425 3016; x_wconf 84' lang='grc'><strong>264</strong></span> <span class='ocrx_word' id='word_1_174' title='bbox 443 2963 514 3030; x_wconf 94' lang='lat' dir='ltr'><strong>qnod</strong></span> <span class='ocrx_word' id='word_1_175' title='bbox 531 2963 557 3012; x_wconf 86' lang='lat' dir='ltr'><em>E</em></span> <span class='ocrx_word' id='word_1_176' title='bbox 576 2977 629 3026; x_wconf 90' lang='lat' dir='ltr'><strong>qno</strong></span> <span class='ocrx_word' id='word_1_177' title='bbox 647 2959 839 3028; x_wconf 78' lang='lat' dir='ltr'><strong>AssHercnlis</strong></span> <span class='ocrx_word' id='word_1_178' title='bbox 857 2960 891 3010; x_wconf 71' lang='grc' dir='ltr'><strong>Ε1</strong></span> <span class='ocrx_word' id='word_1_179' title='bbox 905 2959 1048 3030; x_wconf 81' lang='lat' dir='ltr'><strong>corr.E¹[l</strong></span> <span class='ocrx_word' id='word_1_180' title='bbox 1065 2964 1114 3014; x_wconf 77' lang='grc'><strong>265</strong></span> <span class='ocrx_word' id='word_1_181' title='bbox 1129 2963 1176 3012; x_wconf 86' lang='lat' dir='ltr'><strong>hoc</strong></span> <span class='ocrx_word' id='word_1_182' title='bbox 1190 2977 1206 3008; x_wconf 87' lang='lat' dir='ltr'><strong>o</strong></span> 
     </span>
     <span class='ocr_line' id='line_1_31' title="bbox 304 3025 1207 3098; baseline -0.007 -14"><span class='ocrx_word' id='word_1_183' title='bbox 304 3034 368 3084; x_wconf 87' lang='lat' dir='ltr'><strong>hue</strong></span> <span class='ocrx_word' id='word_1_184' title='bbox 387 3034 463 3083; x_wconf 83' lang='lat' dir='ltr'><strong>NHr.</strong></span> <span class='ocrx_word' id='word_1_185' title='bbox 476 3028 488 3098; x_wconf 76' lang='grc' dir='ltr'>Η</span> <span class='ocrx_word' id='word_1_186' title='bbox 500 3045 584 3095; x_wconf 85' lang='lat' dir='ltr'><strong>specu</strong></span> <span class='ocrx_word' id='word_1_187' title='bbox 602 3030 654 3080; x_wconf 83' lang='lat' dir='ltr'><strong>EA</strong></span> <span class='ocrx_word' id='word_1_188' title='bbox 673 3031 736 3080; x_wconf 87' lang='lat' dir='ltr'><strong>sinn</strong></span> <span class='ocrx_word' id='word_1_189' title='bbox 752 3025 799 3097; x_wconf 72' lang='lat' dir='ltr'><strong>rpll</strong></span> <span class='ocrx_word' id='word_1_190' title='bbox 812 3033 860 3080; x_wconf 84' lang='grc'><strong>267</strong></span> <span class='ocrx_word' id='word_1_191' title='bbox 879 3031 992 3095; x_wconf 77' lang='lat' dir='ltr'><strong>aliquod</strong></span> <span class='ocrx_word' id='word_1_192' title='bbox 1009 3032 1061 3082; x_wconf 85' lang='lat' dir='ltr'><strong>EA</strong></span> <span class='ocrx_word' id='word_1_193' title='bbox 1081 3029 1207 3096; x_wconf 78' lang='lat' dir='ltr'><strong>aliqnidp</strong></span> 
     </span>
     <span class='ocr_line' id='line_1_32' title="bbox 303 3094 1208 3165; baseline -0.008 -14"><span class='ocrx_word' id='word_1_194' title='bbox 303 3102 391 3152; x_wconf 80' lang='lat' dir='ltr'><strong>aliud</strong></span> <span class='ocrx_word' id='word_1_195' title='bbox 410 3095 502 3165; x_wconf 71' lang='lat' dir='ltr'><strong>NHsl</strong></span> <span class='ocrx_word' id='word_1_196' title='bbox 523 3113 634 3164; x_wconf 84' lang='lat' dir='ltr'><strong>possum</strong></span> <span class='ocrx_word' id='word_1_197' title='bbox 646 3115 667 3148; x_wconf 85' lang='grc' dir='ltr'><strong><em>ω</em></strong></span> <span class='ocrx_word' id='word_1_198' title='bbox 686 3099 785 3163; x_wconf 84' lang='lat' dir='ltr'><strong>possit</strong></span> <span class='ocrx_word' id='word_1_199' title='bbox 803 3094 1053 3165; x_wconf 62' lang='lat' dir='ltr'><strong>or11272‘innenies</strong></span> <span class='ocrx_word' id='word_1_200' title='bbox 1071 3100 1096 3150; x_wconf 89' lang='grc' dir='ltr'><em>Ε</em></span> <span class='ocrx_word' id='word_1_201' title='bbox 1107 3097 1208 3149; x_wconf 75' lang='lat' dir='ltr'><strong>Bedriaci</strong></span> 
     </span>
     <span class='ocr_line' id='line_1_33' title="bbox 304 3163 1206 3233; baseline -0.007 -15"><span class='ocrx_word' id='word_1_202' title='bbox 304 3170 434 3219; x_wconf 81' lang='lat' dir='ltr'><strong>inuenies</strong></span> <span class='ocrx_word' id='word_1_203' title='bbox 453 3170 477 3217; x_wconf 97' lang='lat' dir='ltr'><em>A</em></span> <span class='ocrx_word' id='word_1_204' title='bbox 514 3164 519 3233; x_wconf 76' lang='grc'>1</span> <span class='ocrx_word' id='word_1_205' title='bbox 548 3169 598 3217; x_wconf 78' lang='grc'><strong>278</strong></span> <span class='ocrx_word' id='word_1_206' title='bbox 616 3167 708 3215; x_wconf 75' lang='lat' dir='ltr'><strong>timuit</strong></span> <span class='ocrx_word' id='word_1_207' title='bbox 724 3166 750 3215; x_wconf 82' lang='lat' dir='ltr'><em>E</em></span> <span class='ocrx_word' id='word_1_208' title='bbox 768 3166 866 3216; x_wconf 79' lang='lat' dir='ltr'><strong>timeat</strong></span> <span class='ocrx_word' id='word_1_209' title='bbox 884 3168 909 3216; x_wconf 88' lang='lat' dir='ltr'><em>A</em></span> <span class='ocrx_word' id='word_1_210' title='bbox 937 3163 951 3232; x_wconf 91' lang='grc' dir='ltr'><strong>[Ι</strong></span> <span class='ocrx_word' id='word_1_211' title='bbox 978 3169 1031 3218; x_wconf 78' lang='grc'><strong>274</strong></span> <span class='ocrx_word' id='word_1_212' title='bbox 1048 3168 1106 3232; x_wconf 83' lang='lat' dir='ltr'><strong>Ego</strong></span> <span class='ocrx_word' id='word_1_213' title='bbox 1124 3181 1206 3217; x_wconf 87' lang='lat' dir='ltr'><strong>sumo</strong></span> 
     </span>
     <span class='ocr_line' id='line_1_34' title="bbox 304 3230 1207 3300; baseline -0.006 -14"><span class='ocrx_word' id='word_1_214' title='bbox 304 3235 445 3300; x_wconf 76' lang='lat' dir='ltr'><strong>Aequum</strong></span> <span class='ocrx_word' id='word_1_215' title='bbox 464 3236 539 3287; x_wconf 78' lang='lat' dir='ltr'><strong>NHo.</strong></span> <span class='ocrx_word' id='word_1_216' title='bbox 565 3233 710 3300; x_wconf 83' lang='lat' dir='ltr'><strong>Agedum</strong></span> <span class='ocrx_word' id='word_1_217' title='bbox 726 3236 829 3298; x_wconf 80' lang='lat' dir='ltr'><strong>scripsi.</strong></span> <span class='ocrx_word' id='word_1_218' title='bbox 846 3230 858 3299; x_wconf 70' lang='lat' dir='ltr'><strong>li</strong></span> <span class='ocrx_word' id='word_1_219' title='bbox 874 3236 924 3284; x_wconf 82' lang='grc'><strong>275</strong></span> <span class='ocrx_word' id='word_1_220' title='bbox 942 3235 1039 3284; x_wconf 84' lang='lat' dir='ltr'><strong>Perfer</strong></span> <span class='ocrx_word' id='word_1_221' title='bbox 1057 3235 1108 3286; x_wconf 84' lang='lat' dir='ltr'><strong>EA</strong></span> <span class='ocrx_word' id='word_1_222' title='bbox 1125 3233 1207 3285; x_wconf 84' lang='lat' dir='ltr'><strong>Profer</strong></span> 
     </span>
     <span class='ocr_line' id='line_1_35' title="bbox 304 3296 1206 3367; baseline 0 -14"><span class='ocrx_word' id='word_1_223' title='bbox 304 3303 388 3353; x_wconf 80' lang='lat' dir='ltr'><strong>Bacil.</strong></span> <span class='ocrx_word' id='word_1_224' title='bbox 407 3319 455 3366; x_wconf 83' lang='lat' dir='ltr'><strong>mp.</strong></span> <span class='ocrx_word' id='word_1_225' title='bbox 472 3304 533 3352; x_wconf 77' lang='lat' dir='ltr'><strong>Fer</strong></span> <span class='ocrx_word' id='word_1_226' title='bbox 551 3302 594 3352; x_wconf 87' lang='lat' dir='ltr'><strong>fer</strong></span> <span class='ocrx_word' id='word_1_227' title='bbox 612 3304 653 3351; x_wconf 82' lang='lat' dir='ltr'><strong>uel</strong></span> <span class='ocrx_word' id='word_1_228' title='bbox 676 3301 767 3351; x_wconf 84' lang='lat' dir='ltr'><strong>Offer</strong></span> <span class='ocrx_word' id='word_1_229' title='bbox 784 3302 860 3354; x_wconf 77' lang='lat' dir='ltr'><strong>Nlis.</strong></span> <span class='ocrx_word' id='word_1_230' title='bbox 882 3297 893 3367; x_wconf 72' lang='grc' dir='ltr'>Η</span> <span class='ocrx_word' id='word_1_231' title='bbox 913 3303 964 3352; x_wconf 85' lang='grc'><strong>276</strong></span> <span class='ocrx_word' id='word_1_232' title='bbox 982 3301 1043 3352; x_wconf 87' lang='lat' dir='ltr'><strong>fieri</strong></span> <span class='ocrx_word' id='word_1_233' title='bbox 1060 3321 1082 3354; x_wconf 87' lang='grc' dir='ltr'><strong><em>ω</em></strong></span> <span class='ocrx_word' id='word_1_234' title='bbox 1103 3303 1151 3354; x_wconf 82' lang='lat' dir='ltr'><strong>fisi</strong></span> <span class='ocrx_word' id='word_1_235' title='bbox 1165 3302 1187 3351; x_wconf 88' lang='lat' dir='ltr'><em>A</em></span> <span class='ocrx_word' id='word_1_236' title='bbox 1200 3296 1206 3360; x_wconf 73' lang='lat' dir='ltr'><strong>ii</strong></span> 
     </span>
     <span class='ocr_line' id='line_1_36' title="bbox 303 3366 1205 3437; baseline -0.007 -15"><span class='ocrx_word' id='word_1_237' title='bbox 303 3373 355 3422; x_wconf 81' lang='grc'><strong>277</strong></span> <span class='ocrx_word' id='word_1_238' title='bbox 373 3371 476 3435; x_wconf 84' lang='lat' dir='ltr'><strong>Reperi</strong></span> <span class='ocrx_word' id='word_1_239' title='bbox 487 3370 539 3419; x_wconf 84' lang='grc' dir='ltr'><strong>ΕΑ</strong></span> <span class='ocrx_word' id='word_1_240' title='bbox 558 3370 659 3434; x_wconf 86' lang='lat' dir='ltr'><strong>Peperi</strong></span> <span class='ocrx_word' id='word_1_241' title='bbox 671 3377 695 3434; x_wconf 79' lang='grc' dir='ltr'><strong><em>ψ</em></strong></span> <span class='ocrx_word' id='word_1_242' title='bbox 706 3366 718 3434; x_wconf 77' lang='lat' dir='ltr'><strong>l}</strong></span> <span class='ocrx_word' id='word_1_243' title='bbox 736 3369 785 3419; x_wconf 84' lang='grc'><strong>278</strong></span> <span class='ocrx_word' id='word_1_244' title='bbox 805 3370 859 3419; x_wconf 80' lang='lat' dir='ltr'><strong>faci</strong></span> <span class='ocrx_word' id='word_1_245' title='bbox 872 3375 914 3419; x_wconf 83' lang='lat' dir='ltr'><strong>est</strong></span> <span class='ocrx_word' id='word_1_246' title='bbox 925 3369 951 3418; x_wconf 86' lang='lat' dir='ltr'><em>E</em></span> <span class='ocrx_word' id='word_1_247' title='bbox 969 3371 1040 3421; x_wconf 82' lang='lat' dir='ltr'><strong>setis</strong></span> <span class='ocrx_word' id='word_1_248' title='bbox 1053 3376 1096 3422; x_wconf 79' lang='lat' dir='ltr'><strong>esi</strong></span> <span class='ocrx_word' id='word_1_249' title='bbox 1107 3366 1152 3437; x_wconf 76' lang='grc' dir='ltr'><strong>ΑΗ</strong></span> <span class='ocrx_word' id='word_1_250' title='bbox 1166 3369 1205 3417; x_wconf 81' lang='grc'><strong>281</strong></span> 
     </span>
     <span class='ocr_line' id='line_1_37' title="bbox 306 3433 1206 3504; baseline -0.008 -14"><span class='ocrx_word' id='word_1_251' title='bbox 306 3439 365 3490; x_wconf 89' lang='lat' dir='ltr'><strong>Iole</strong></span> <span class='ocrx_word' id='word_1_252' title='bbox 384 3438 436 3488; x_wconf 85' lang='lat' dir='ltr'><strong>EA</strong></span> <span class='ocrx_word' id='word_1_253' title='bbox 458 3438 548 3501; x_wconf 75' lang='lat' dir='ltr'><strong>Illirp</strong></span> <span class='ocrx_word' id='word_1_254' title='bbox 571 3433 583 3504; x_wconf 78' lang='grc' dir='ltr'>Η</span> <span class='ocrx_word' id='word_1_255' title='bbox 607 3439 656 3488; x_wconf 89' lang='grc'><strong>282</strong></span> <span class='ocrx_word' id='word_1_256' title='bbox 676 3454 710 3487; x_wconf 86' lang='lat' dir='ltr'><strong>ex</strong></span> <span class='ocrx_word' id='word_1_257' title='bbox 728 3437 780 3486; x_wconf 83' lang='lat' dir='ltr'><strong>EA</strong></span> <span class='ocrx_word' id='word_1_258' title='bbox 801 3439 828 3486; x_wconf 82' lang='lat' dir='ltr'><strong>in</strong></span> <span class='ocrx_word' id='word_1_259' title='bbox 846 3438 900 3486; x_wconf 81' lang='lat' dir='ltr'><strong>ind.</strong></span> <span class='ocrx_word' id='word_1_260' title='bbox 918 3454 971 3488; x_wconf 74' lang='lat' dir='ltr'><strong>err.</strong></span> <span class='ocrx_word' id='word_1_261' title='bbox 995 3435 1008 3503; x_wconf 89' lang='grc' dir='ltr'><strong>ΙΙ</strong></span> <span class='ocrx_word' id='word_1_262' title='bbox 1030 3441 1081 3492; x_wconf 86' lang='grc'><strong>283</strong></span> <span class='ocrx_word' id='word_1_263' title='bbox 1098 3439 1162 3488; x_wconf 86' lang='lat' dir='ltr'><strong>Num</strong></span> <span class='ocrx_word' id='word_1_264' title='bbox 1177 3434 1206 3485; x_wconf 79' lang='lat' dir='ltr'><strong>sii</strong></span> 
     </span>
     <span class='ocr_line' id='line_1_38' title="bbox 303 3502 1205 3569; baseline 0.003 -12"><span class='ocrx_word' id='word_1_265' title='bbox 303 3509 373 3558; x_wconf 80' lang='lat' dir='ltr'><strong>Pau.</strong></span> <span class='ocrx_word' id='word_1_266' title='bbox 392 3522 476 3558; x_wconf 82' lang='lat' dir='ltr'><strong>omnes</strong></span> <span class='ocrx_word' id='word_1_267' title='bbox 505 3505 567 3555; x_wconf 92' lang='lat' dir='ltr'><strong>Non</strong></span> <span class='ocrx_word' id='word_1_268' title='bbox 584 3505 609 3555; x_wconf 91' lang='lat' dir='ltr'><em>A</em></span> <span class='ocrx_word' id='word_1_269' title='bbox 639 3502 651 3569; x_wconf 89' lang='grc' dir='ltr'><strong>ΙΙ</strong></span> <span class='ocrx_word' id='word_1_270' title='bbox 679 3506 753 3554; x_wconf 82' lang='lat' dir='ltr'><strong>feret</strong></span> <span class='ocrx_word' id='word_1_271' title='bbox 770 3504 822 3555; x_wconf 88' lang='grc' dir='ltr'><strong>ΕΑ</strong></span> <span class='ocrx_word' id='word_1_272' title='bbox 841 3505 932 3555; x_wconf 84' lang='lat' dir='ltr'><strong>ferent</strong></span> <span class='ocrx_word' id='word_1_273' title='bbox 950 3507 1017 3558; x_wconf 84' lang='lat' dir='ltr'><strong>Pali.</strong></span> <span class='ocrx_word' id='word_1_274' title='bbox 1036 3513 1064 3556; x_wconf 80' lang='lat' dir='ltr'><strong>ut</strong></span> <span class='ocrx_word' id='word_1_275' title='bbox 1080 3509 1179 3556; x_wconf 82' lang='lat' dir='ltr'><strong>uidetur.</strong></span> <span class='ocrx_word' id='word_1_276' title='bbox 1195 3503 1205 3559; x_wconf 81' lang='lat' dir='ltr'><strong>ii</strong></span> 
     </span>
     <span class='ocr_line' id='line_1_39' title="bbox 304 3569 1206 3640; baseline 0 -15"><span class='ocrx_word' id='word_1_277' title='bbox 304 3577 354 3627; x_wconf 89' lang='grc'><strong>286</strong></span> <span class='ocrx_word' id='word_1_278' title='bbox 373 3575 457 3624; x_wconf 90' lang='lat' dir='ltr'><strong>michi</strong></span> <span class='ocrx_word' id='word_1_279' title='bbox 476 3573 501 3623; x_wconf 95' lang='grc' dir='ltr'><em>Ε</em></span> <span class='ocrx_word' id='word_1_280' title='bbox 519 3573 573 3622; x_wconf 84' lang='lat' dir='ltr'><strong>iibi</strong></span> <span class='ocrx_word' id='word_1_281' title='bbox 591 3573 616 3622; x_wconf 89' lang='lat' dir='ltr'><em>A</em></span> <span class='ocrx_word' id='word_1_282' title='bbox 634 3569 712 3638; x_wconf 80' lang='grc'>11287</span> <span class='ocrx_word' id='word_1_283' title='bbox 730 3573 822 3637; x_wconf 81' lang='lat' dir='ltr'><strong>pocius</strong></span> <span class='ocrx_word' id='word_1_284' title='bbox 840 3580 878 3636; x_wconf 78' lang='grc' dir='ltr'><strong>εψ</strong></span> <span class='ocrx_word' id='word_1_285' title='bbox 896 3574 976 3636; x_wconf 85' lang='lat' dir='ltr'><strong>peius</strong></span> <span class='ocrx_word' id='word_1_286' title='bbox 994 3575 1019 3623; x_wconf 94' lang='lat' dir='ltr'><em>A</em></span> <span class='ocrx_word' id='word_1_287' title='bbox 1037 3571 1048 3640; x_wconf 76' lang='grc' dir='ltr'>Η</span> <span class='ocrx_word' id='word_1_288' title='bbox 1071 3576 1119 3625; x_wconf 83' lang='grc'><strong>282</strong></span> <span class='ocrx_word' id='word_1_289' title='bbox 1135 3589 1157 3637; x_wconf 84' lang='lat' dir='ltr'><strong>q.</strong></span> <span class='ocrx_word' id='word_1_290' title='bbox 1173 3571 1206 3618; x_wconf 74' lang='lat' dir='ltr'><strong>iu·</strong></span> 
     </span>
     <span class='ocr_line' id='line_1_40' title="bbox 303 3639 1198 3708; baseline -0.002 -16"><span class='ocrx_word' id='word_1_291' title='bbox 303 3645 406 3694; x_wconf 84' lang='lat' dir='ltr'><strong>uictum</strong></span> <span class='ocrx_word' id='word_1_292' title='bbox 425 3643 478 3693; x_wconf 80' lang='lat' dir='ltr'><strong>tibi</strong></span> <span class='ocrx_word' id='word_1_293' title='bbox 496 3641 589 3690; x_wconf 83' lang='lat' dir='ltr'><em>IIPai.</em></span> <span class='ocrx_word' id='word_1_294' title='bbox 609 3653 635 3702; x_wconf 91' lang='lat' dir='ltr'><strong>q.</strong></span> <span class='ocrx_word' id='word_1_295' title='bbox 654 3641 788 3690; x_wconf 81' lang='lat' dir='ltr'><strong>inuictum</strong></span> <span class='ocrx_word' id='word_1_296' title='bbox 807 3645 850 3690; x_wconf 83' lang='lat' dir='ltr'><strong>est</strong></span> <span class='ocrx_word' id='word_1_297' title='bbox 868 3641 920 3690; x_wconf 84' lang='lat' dir='ltr'><strong>tibi</strong></span> <span class='ocrx_word' id='word_1_298' title='bbox 938 3641 1056 3706; x_wconf 77' lang='lat' dir='ltr'><strong>Scaliper</strong></span> <span class='ocrx_word' id='word_1_299' title='bbox 1078 3639 1090 3708; x_wconf 78' lang='grc' dir='ltr'><strong>ΙΙ</strong></span> <span class='ocrx_word' id='word_1_300' title='bbox 1189 3645 1198 3664; x_wconf 82' lang='lat'><strong><em>‘</em></strong></span> 
     </span>
    </p>
   </div>
   <div class='ocr_carea' id='block_1_4' title="bbox 0 0 1380 4250">
    <p class='ocr_par' dir='ltr' id='par_1_12' title="bbox 0 0 1380 4250">
     <span class='ocr_line' id='line_1_41' title="bbox 0 0 1380 4250; baseline 0 2"><span class='ocrx_word' id='word_1_301' title='bbox 0 0 1380 4250; x_wconf 95' lang='lat' dir='ltr'><strong> </strong></span> 
     </span>
    </p>
   </div>
  </div>
 </body>
</html>
