2750 4250
308 313 370 378 154
585 333 617 379 n.
634 335 768 382 aunam
784 336 941 386 sennenn
1007 330 1010 338 '

305 485 408 528 euersa
424 467 461 529 ab
477 470 537 530 imo
552 488 643 548 regna
659 481 703 534 tot
718 475 845 555 populos
861 489 1011 556 premunt.
1204 498 1232 545 ato

305 552 449 613 sileantur
464 553 552 616 aliae:
575 556 636 616 sola
652 561 781 622 coniunx
796 565 885 640 Aegei

305 637 408 699 Medea
423 638 529 699 reddet
542 638 667 703 seminas
682 643 778 704 dirum
794 664 897 724 genus.

154 761 161 771 .
270 747 287 782 0
346 735 450 787 ΜΒ.
472 723 531 784 (lor
546 727 678 787 omnium
694 729 726 788 lit
740 729 826 808 eulpa
842 747 1006 812 paucarum
1021 736 1126 799 scelus?

304 817 396 867 fflPP.
421 806 552 868 detestor
567 813 665 872 omnis
679 811 790 876 horreo
805 815 885 894 lugio
902 837 1038 884 execror.

303 891 342 950 sit
357 892 431 951 ratio
446 893 484 952 sit
498 900 601 955 natura
617 897 654 956 sit
669 896 877 970 duraedurae,

303 974 400 1036 odisse
415 975 535 1055 placuit.
567 981 687 1056 ignibus
701 985 808 1061 iunges
822 1003 916 1063 aquas

304 1067 333 1120 et
347 1062 440 1121 amica
457 1063 568 1124 ratibus
583 1073 651 1126 ante
667 1069 813 1144 promittit
828 1071 903 1132 uada

285 1145 415 1223 ¹ineerta
431 1145 538 1224 Syrtis,
555 1157 623 1210 ante
638 1149 675 1210 ab
692 1161 825 1214 extremo
840 1157 906 1216 sion

301 1227 439 1307 hesperia
454 1229 564 1312 Tethys
579 1232 709 1301 lucidum
726 1238 839 1300 attollet
854 1241 931 1302 diem

302 1321 331 1374 et
346 1328 399 1374 ora
414 1314 507 1377 damis
522 1315 630 1378 blanda
645 1320 833 1399 praebebunt
846 1324 923 1404 lupi,

301 1416 391 1478 quam
406 1400 502 1461 uictus
517 1404 648 1465 animum
663 1407 791 1468 leminea
808 1411 908 1471 mitem
924 1429 1038 1490 geram.

261 1484 289 1545 n'
343 1497 446 1544 mvelt.
471 1477 566 1565 Saepe
582 1487 736 1550 obstinatis
752 1493 845 1554 induit
860 1496 963 1573 frenos
979 1515 1063 1560 amor

301 1575 331 1630 et
345 1569 412 1630 odia
427 1576 529 1631 mutat.
560 1591 651 1651 regua
669 1581 800 1640 materna
817 1579 951 1658 adspice:

299 1652 367 1716 illae
381 1656 498 1715 leroces
512 1658 642 1717 sentiunt
657 1658 779 1723 Veneris
794 1665 895 1742 iugum
903 1681 916 1734 ,·

146 1779 163 1808 ,
298 1741 416 1799 testaris
431 1740 509 1800 istud
525 1743 632 1802 unicus
648 1747 746 1822 gentis
759 1765 843 1826 puer.

300 1836 393 1884 ΗΙΡΡ.
417 1824 548 1887 solamen
565 1844 657 1889 unum
675 1832 776 1892 matris
793 1835 917 1894 amissae
933 1835 999 1896 lero

299 1907 396 1970 odisse
411 1910 489 1988 quod
504 1913 562 1971 iam
578 1911 703 1997 feminas
718 1933 821 1977 omnes
835 1917 913 1979 lieet.
1007 1988 1011 1997 ‚

262 1995 288 2054 0'
342 2006 446 2054 NVTR.
463 1997 500 2056 Vt
516 1996 590 2056 dura
606 2005 708 2058 cautes
723 2000 852 2080 undique
867 2005 1062 2068 intractabilis

297 2079 407 2140 resistit
422 2076 509 2142 undis
525 2088 555 2142 et
569 2079 751 2145 lacessentes
766 2104 857 2165 aquas

298 2163 386 2240 longe
401 2166 539 2235 remittit,
557 2167 710 2245 nerbasis
726 2174 840 2249 spernit
855 2192 930 2234 mea.
1037 2208 1049 2252 ,·

297 2248 349 2309 sed
365 2249 500 2311 Phaedra
515 2269 660 2332 praeceps
675 2256 809 2332 graditur
826 2259 973 2338 inpatiens
988 2278 1097 2323 morae.

297 2350 357 2413 quo
372 2353 404 2397 se
420 2334 501 2396 dabit
515 2338 652 2399 fortuna?
674 2358 734 2419 quo
750 2349 855 2419 perget
869 2343 973 2404 lurorl

295 2428 395 2482 terrae
411 2428 534 2500 repente
550 2440 660 2501 corpus
675 2426 843 2487 exanimum
860 2429 967 2489 aoeidit

296 2512 327 2566 et
341 2522 393 2566 ora
409 2507 497 2566 morti
512 2506 615 2573 similis
630 2507 754 2569 obduxit
769 2510 859 2571 oolor.

296 2589 397 2652 attolle
412 2592 527 2661 uultus,
545 2592 663 2655 dimone
678 2596 761 2655 uoois
776 2614 890 2657 moras:

295 2685 364 2743 tuus
380 2695 417 2738 en
430 2677 552 2738 elomna
567 2685 659 2739 temet
674 2679 850 2759 Hippolytus
865 2688 955 2743 tenet.

580 2895 748 2965 Pnannna
764 2896 808 2943 nn
823 2898 921 2945 rnnm.

262 3044 281 3078 e
336 3019 408 3091 Quis
422 3038 470 3079 me
486 3017 581 3080 dolori
596 3017 695 3079 reddit
710 3026 797 3098 atque
813 3030 911 3082 aestus
927 3040 1034 3099 graues

361 3224 412 3273 570
431 3227 460 3271 et
477 3237 560 3272 uersa
578 3238 600 3272 ω
619 3221 659 3288 (et
677 3237 760 3272 uersa
780 3223 812 3285 lt),
832 3240 934 3275 euersa
950 3229 1048 3291 scripsi
1057 3226 1067 3295 ΙΙ
1079 3230 1125 3279 dil
1141 3224 1208 3305 red-0

293 3290 341 3339 det
357 3289 408 3352 Εψ
430 3290 522 3349 reddit
540 3307 559 3340 α
582 3286 594 3357 ΙΙ
617 3292 667 3341 573
692 3306 740 3340 our
757 3306 826 3345 corr.
845 3308 880 3342 ex
898 3308 945 3343 eor
963 3293 999 3343 E¹
1023 3293 1035 3361 ss
1058 3300 1106 3349 582
1122 3294 1191 3347 tivo.
1215 3336 1221 3349 ,

292 3356 329 3408 Ε8
345 3353 357 3423 ss
375 3359 425 3407 585
443 3360 556 3423 genitus
574 3360 599 3408 A
618 3360 711 3421 gentis
729 3358 755 3408 E
771 3356 782 3425 [Ι
798 3361 848 3409 590
866 3362 893 3409 in
909 3360 936 3410 E
954 3362 1085 3415 abstersus
1102 3371 1137 3417 ert
1151 3378 1193 3413 uro

291 3442 346 3476 eum
362 3426 466 3478 scholiis
488 3428 539 3476 nisi
560 3426 656 3490 quedl
678 3433 704 3475 et
722 3442 740 3491 g
761 3430 863 3491 litterae
886 3428 967 3488 (uocis
985 3430 1078 3498 longe)
1101 3434 1191 3483 relictae

290 3501 350 3545 eunt
373 3491 385 3561 ΙΙ
408 3496 458 3545 592
477 3494 623 3559 quouergit
640 3494 666 3542 E
684 3510 737 3627 ‹puo
755 3501 852 3560 uerget
870 3496 895 3545 A
918 3493 931 3563 Η
953 3498 1003 3549 ῠ93
1021 3506 1131 3565 repente
1147 3503 1191 3547 ter·

290 3561 341 3613 ra'e
359 3565 384 3613 A
403 3567 495 3613 terrae
513 3567 629 3627 repente
651 3559 689 3627 ΕΙ
710 3562 786 3615 eadit
803 3564 827 3612 A
847 3564 951 3614 oceidit
969 3566 995 3614 E
1007 3564 1019 3631 ΙΙ
1035 3563 1193 3619 ΡΗΑΕΒΒᾹ

290 3631 339 3682 ΕΤ
356 3633 452 3684 IDEM
470 3631 495 3681 Ε
513 3630 689 3682 PHAEDRA
704 3654 710 3667 ·
725 3630 957 3683 HlPPOLYTVS
972 3657 978 3671 ·
993 3634 1129 3687 NVTRIX
1145 3628 1185 3719 All
