2750 4250
287 278 329 344 22
568 293 921 342 summissuros

287 436 431 515 sparsisse
446 436 544 496 crines
559 451 614 496 neo
629 452 719 496 manu
734 432 816 495 molti
830 433 927 496 leuem

289 520 407 582 uibrare
423 519 567 600 thyrsum,
584 538 651 580 eum
668 537 773 598 parurn
789 519 858 579 torti
874 519 969 596 gradu

287 623 360 666 auro
377 605 518 666 derorum
534 623 631 684 syrma
648 604 804 666 barbarico
820 604 918 664 trahit.
1017 619 1020 623 ’

286 697 354 770 post
369 689 460 750 multa
477 692 570 750 uirtus
586 708 676 767 opere
692 688 785 750 laxari
800 689 884 750 solet.

246 790 274 856 qo
329 787 406 836 nuc.
430 774 619 836 Teuthrantis
633 775 691 836 hoe
706 775 815 836 fatetur
832 775 928 836 enersi
944 775 1058 846 domus,
1153 768 1155 783 '

285 876 489 940 pecorumque
504 862 563 921 ritu
579 862 727 937 uirginum
744 861 882 938 oppressi
895 877 1011 941 greges,

285 945 343 1005 hoo
357 945 435 1006 nulia
453 943 525 1006 iuno
541 945 639 1006 nulius
654 945 838 1024 Eurystheus
851 944 942 1008 iubet.

285 1031 406 1108 ipsius
421 1031 495 1092 haee
510 1039 577 1092 sunt
593 1049 714 1109 opera.
739 1085 744 1095 .

284 1127 393 1174 ΑΜΡΗ.
750 1133 812 1176 non
828 1117 904 1176 nosti
918 1116 1025 1176 omnia.

251 1232 268 1281 q
328 1200 452 1278 Ipsius
472 1218 567 1279 opus
587 1205 642 1260 est
661 1201 809 1262 caestibus
823 1203 935 1264 tractus
949 1203 1011 1264 suis

283 1286 361 1364 Eryx
378 1292 407 1346 et
421 1285 509 1365 Eryci
523 1287 643 1346 iunctus
657 1289 788 1346 Antaeus
801 1284 890 1366 Libys

284 1379 314 1432 et
329 1371 379 1447 qui
394 1369 532 1449 hospitali
547 1370 637 1430 caede
653 1378 807 1432 manantes
823 1370 882 1430 ioci

282 1454 387 1516 bibere
402 1457 510 1515 iustum
528 1454 701 1532 sang'uinern
717 1455 871 1516 Busiridis.

244 1547 269 1620 q'
326 1538 448 1618 ipsius
463 1559 557 1619 opus
573 1548 628 1600 est
645 1540 762 1600 uulneri
778 1548 808 1600 et
826 1541 906 1601 terro
922 1541 1029 1604 obuius

282 1632 409 1686 mortem
425 1633 545 1686 coactus
560 1627 675 1703 integer
692 1625 807 1704 Cyrnus
822 1628 893 1704 pati.

281 1730 336 1772 nec
352 1728 430 1771 unus
444 1728 503 1771 una
519 1713 638 1788 Geryon
655 1711 751 1771 uictus
766 1729 864 1772 manu.

281 1797 340 1856 eris
355 1797 433 1856 inter
448 1797 518 1872 istos
534 1799 585 1874 qui
601 1801 700 1856 tamen
714 1794 795 1856 nullo
810 1806 915 1875 stupro

282 1880 397 1942 laesere
412 1879 566 1943 thalamos,

250 2001 264 2034 r
324 1977 402 2026 nuc.
613 1964 699 2036 Quod
715 1965 778 2026 ioui
793 1965 851 2025 hoe
865 1967 930 2043 regi
945 1964 1021 2028 linet.

280 2052 344 2113 Ioui
360 2048 465 2110 dedisti
481 2051 653 2129 coniugem,
670 2053 735 2128 regi
742 2045 833 2110 'dabis

280 2146 309 2198 et
324 2144 352 2197 te
366 2136 508 2214 magistro
525 2154 583 2196 non
600 2154 711 2197 nouum
727 2136 785 2195 hoo
799 2135 895 2197 disset
908 2154 1002 2199 nurus

281 2222 368 2283 etiam
384 2222 449 2281 uiro
466 2220 610 2299 probante
629 2221 781 2282 meliorem
797 2222 892 2299 sequi.

280 2308 326 2369 sin
342 2305 475 2385 copulari
489 2308 624 2386 pertinax
640 2307 735 2367 taedis
749 2314 847 2383 negat,

280 2390 330 2453 uel
347 2410 382 2451 ex
398 2397 498 2452 coacta
515 2390 644 2453 nobilem
660 2399 778 2467 parturn
794 2392 899 2452 ieram.

246 2485 267 2543 r'
323 2488 407 2536 utne.
435 2475 562 2535 Vmbrae
580 2475 715 2536 Creontis
731 2484 761 2537 et
776 2484 897 2554 penates
912 2476 1043 2539 Labdaci

281 2568 310 2622 et
325 2559 471 2639 nuptiales
485 2561 556 2637 inpii
574 2559 743 2639 Oedipodae
761 2560 841 2621 iaces

280 2664 358 2707 nunc
374 2644 459 2705 solita
475 2653 575 2705 uestro
592 2646 648 2705 iata
666 2647 804 2722 coniugio
820 2646 895 2707 dete.

278 2749 358 2793 nuno
374 2749 453 2791 nuno
468 2736 606 2791 eruentae
622 2733 701 2806 regis
716 2732 839 2810 Aegypti
854 2748 949 2792 nurus
1028 2786 1037 2796 .

345 2955 395 3003 478
421 2952 533 3001 uibrare
551 2952 628 3017 EVp
654 2953 782 3002 uibreese
801 2953 825 3001 Α
857 2948 870 3016 ΙΙ
901 2953 1016 3017 gradum
1037 2950 1072 3002 V¹
1104 2949 1117 3018 i]
1146 2955 1195 3003 479

276 3022 425 3073 barbarico
444 3020 499 3069 EV
523 3021 702 3071 barbaricum
721 3021 745 3069 A
780 3016 792 3086 Η
825 3021 874 3072 481
896 3020 957 3070 Lio'
978 3020 1064 3084 (minio
1080 3022 1144 3085 ror.)
1172 3023 1196 3070 V

276 3091 332 3139 LY.
348 3086 410 3137 ΑΒ
421 3103 469 3152 mg.
483 3104 529 3138 om.
542 3087 577 3137 Εί
594 3086 607 3154 ΙΙ
626 3088 688 3138 Hoc
701 3089 785 3138 euriti
797 3087 848 3137 EA
868 3088 929 3138 Hoc
941 3090 1080 3139 tentantis
1091 3090 1194 3141 111112

276 3173 324 3221 nep.
347 3156 407 3211 Hoc
425 3160 566 3207 tentantes
583 3157 678 3206 Vltrai.
697 3157 832 3206 tentantis
855 3146 931 3206 etr‘om
947 3157 1028 3222 Meg„
1049 3157 1067 3206 I
1070 3158 1132 3208 Par.
1153 3174 1195 3207 re-

276 3226 384 3285 centior,
408 3224 482 3275 Voss.
495 3228 591 3276 melior.
604 3241 673 3275 corr.
687 3225 791 3274 Detriue
809 3224 871 3274 Hoc
884 3224 976 3275 euntis
992 3227 1018 3276 V
1036 3221 1049 3292 ΙΙ
1072 3226 1123 3276 482
1140 3240 1194 3290 qne

278 3342 323 3378 om.
342 3327 367 3375 V
388 3323 399 3392 y
419 3328 469 3377 ose
482 3326 562 3377 ure.
575 3330 649 3377 menn
661 3344 714 3379 sor.
726 3329 891 3377 serracorum
902 3326 939 3376 ΕΙ
961 3324 974 3393 ιι
996 3329 1047 3379 oso
1061 3300 1187 3393 edint}

277 3396 328 3446 487
351 3396 397 3459 qui
413 3410 494 3459 supra
513 3410 611 3446 uersum
633 3398 696 3447 add.
718 3394 755 3446 V²
783 3391 796 3461 ΙΙ
829 3395 993 3460 hospitalem
1013 3396 1127 3449 eaedem
1145 3396 1195 3444 mi·

277 3467 376 3513 nentes
394 3463 420 3513 E
447 3460 459 3527 ΙΙ
487 3465 538 3515 490
560 3465 669 3529 integer
688 3478 792 3528 oyonus
810 3464 835 3513 E
860 3468 925 3513 ente
943 3464 1123 3528 GeryonesA
1147 3469 1197 3513 aut

278 3531 419 3594 gerionem
435 3534 462 3582 V
481 3528 493 3598 ss
515 3534 566 3584 493
585 3533 692 3596 quidet
708 3535 732 3584 V
754 3529 767 3599 [Ι
789 3533 837 3583 501
856 3536 949 3583 uestro
961 3532 986 3581 E
1004 3538 1098 3585 nostro
1111 3533 1159 3599 φΑ
1172 3527 1185 3597 ΙΙ

274 3601 326 3648 502
346 3601 430 3664 egisti
451 3601 499 3650 VR
522 3598 533 3667 {i
