2750 4250
315 293 382 358 298
411 362 416 370 ,
601 308 631 354 a.
650 306 782 352 ennam
799 304 955 353 sannone

316 449 411 528 pietas
425 454 521 508 uetat:
537 464 666 525 namque
680 445 759 506 istud
776 452 807 505 ut
823 445 931 523 possim
946 445 1004 522 pati

316 551 376 593 non
391 533 456 611 ipse
471 540 582 594 memet
597 538 683 609 cogat
701 539 729 592 et
743 549 797 592 rex
813 538 841 590 et
856 548 951 592 socer.

316 618 391 679 haec
405 634 493 678 causa
509 618 588 678 uitae
603 625 650 677 est
664 616 722 676 hoc
736 617 850 696 perusti
867 616 992 695 pectoris
1202 623 1229 669 oso

316 703 398 764 curis
412 700 603 770 leuamen,
620 702 726 779 spiritu
742 702 827 762 citius
843 719 948 780 queam

318 805 423 848 carere
438 786 581 849 membris
597 785 672 847 ioue.

316 886 402 933 55151).
649 907 655 916 ·
735 871 1036 946 siognatosamati

317 958 393 1019 bene
409 967 468 1019 est:
486 965 617 1026 tenetur,
634 955 751 1018 uulneri
765 957 859 1034 patuit
875 955 964 1016 iocus.
981 988 1022 1000 -

280 1069 299 1104 0
360 1043 505 1120 Suprema
521 1051 602 1103 certe
617 1041 704 1102 liceat
719 1040 878 1101 abeuntem
893 1039 974 1120 ioqui
1241 1113 1242 1118 η

317 1127 473 1196 mandata,
491 1126 576 1187 liceat
591 1125 727 1187 ultimum
743 1123 910 1204 amplerum
927 1127 1011 1186 dare:
1208 1127 1235 1175 55

316 1220 433 1290 gratum
450 1219 495 1272 est
510 1222 538 1272 et
553 1211 634 1272 iliud.
666 1229 740 1272 uoce
757 1212 813 1270 iam
830 1219 960 1271 extrema
975 1218 1042 1289 peto

316 1315 354 1357 ne
370 1299 395 1357 si
410 1315 467 1377 qua
483 1307 585 1358 noster
601 1295 707 1356 dubius
722 1295 825 1356 eiiudit
841 1294 925 1356 dolor

235 1421 240 1426 -
317 1390 456 1443 maneant
470 1382 500 1441 in
515 1383 613 1442 animo
628 1380 730 1441 uerba.
761 1379 893 1441 melioris
908 1379 958 1440 tibi

316 1467 460 1528 memoria
477 1467 572 1526 nostri
585 1466 701 1536 sedeat,
717 1466 791 1527 hacc
806 1466 868 1525 irae
883 1465 949 1526 data

306 1551 536 1613 oblitterentur.

316 1650 382 1697 rns.
565 1637 662 1695 omnia
679 1655 714 1696 ex
732 1636 829 1695 animo
847 1634 945 1713 expuli

315 1739 483 1800 precorque
498 1723 604 1798 etipsa
622 1721 769 1781 feruidam
785 1727 817 1780 ut
832 1728 959 1779 mentem
976 1736 1061 1799 regas

315 1806 491 1884 placideque
506 1813 629 1866 tractes:
654 1807 787 1865 miserias
801 1803 875 1865 lenit
894 1806 986 1883 quies,

279 1917 299 1966 p
359 1904 445 1950 uun.
467 1891 615 1951 Discessit.
646 1892 724 1951 itane
741 1890 801 1950 esti
822 1890 906 1950 uadis
921 1889 1028 1951 obiitus
1043 1888 1097 1948 mei

317 1982 345 2035 et
360 1983 403 2036 tot
418 1995 552 2036 meorum
568 1975 753 2036 facinorum?
775 1974 937 2036 excidimus
953 1975 1024 2035 tibi?

316 2078 476 2139 numquam
493 2061 671 2121 excidemus.
703 2060 760 2120 hoo
775 2077 830 2139 age
846 2061 941 2119 omnis
957 2059 1067 2120 adunca

316 2148 396 2206 uires
412 2153 441 2207 et
456 2155 545 2207 artes.
577 2146 691 2206 fructus
707 2153 750 2206 est
765 2146 912 2205 scelerum
930 2144 980 2205 tihi

315 2229 429 2291 nulium
446 2230 545 2305 scelus
559 2242 675 2309 putare.
708 2231 755 2290 uix
773 2231 868 2291 fraudi
884 2238 928 2290 est
941 2229 1039 2291 locus:

280 2318 307 2391 p'
359 2316 519 2376 Timemur.
551 2316 607 2377 lrac
623 2316 786 2393 aggredere
803 2333 859 2392 qua
877 2333 963 2375 nemo
980 2322 1075 2393 potest

316 2402 472 2479 quicquam
489 2402 603 2462 timere.
634 2419 735 2478 perge.
766 2418 847 2461 nunc
862 2400 936 2460 aude
952 2401 1050 2478 incipe

316 2484 457 2565 quicquid
473 2493 569 2563 potest
583 2486 686 2547 Medea
702 2486 842 2565 quicquid
859 2504 919 2545 non
936 2492 1042 2565 potest.

316 2578 347 2630 tu
364 2570 420 2631 iida
437 2572 537 2630 nutrix
552 2572 631 2631 socia
649 2571 791 2629 maeroris
806 2572 864 2631 mei

317 2656 452 2734 uariique
468 2673 554 2716 casus
569 2657 678 2717 misera
695 2654 815 2715 consilia
832 2656 948 2715 adiuua.

280 2740 306 2801 o'
361 2740 413 2800 Est
428 2739 505 2819 palla
520 2739 606 2801 nobis
622 2759 729 2801 munus
746 2740 908 2801 aetherium
925 2740 1031 2800 domus

314 2826 465 2904 decusque
481 2827 566 2903 regni
581 2827 688 2905 pignus
703 2827 810 2885 Aeetae
827 2826 926 2885 datum

314 2929 329 2971 a
347 2911 416 2971 Sole
431 2912 564 2989 generis,
581 2921 625 2970 est
640 2917 669 2969 et
684 2928 758 2971 auro
774 2911 867 2971 tertiii

382 3133 432 3182 548
450 3132 523 3181 haud
541 3146 649 3194 possum
670 3132 693 3179 A
712 3135 743 3179 ut
761 3132 862 3194 possim
881 3125 929 3196 ΕΗ
945 3131 995 3180 549
1013 3147 1067 3181 non
1085 3126 1106 3177 si
1122 3111 1200 3195 ipses*

314 3213 369 3247 non
388 3200 448 3262 ipae
465 3200 490 3247 E
506 3196 518 3264 ΙΙ
534 3201 584 3248 552
603 3200 629 3247 ai
646 3198 692 3246 hic
711 3203 793 3249 natos
812 3200 837 3248 A
856 3199 980 3263 signatos
998 3199 1024 3247 E
1040 3196 1052 3264 ΙΙ
1068 3197 1113 3249 558
1130 3185 1202 3239 mehor

313 3266 366 3315 tibi
384 3274 408 3330 ψ
427 3266 476 3315 sed
494 3266 592 3316 melior
609 3267 660 3315 tibi
679 3267 704 3315 A
727 3266 850 3317 melioris
869 3267 920 3316 tibi
938 3266 963 3315 E
986 3262 998 3333 ΙΙ
1022 3270 1070 3318 559
1088 3247 1199 3334 5555555

313 3332 412 3382 sedeat
430 3332 455 3381 Ε
475 3330 487 3399 ΙΙ
507 3335 556 3384 561
574 3334 636 3398 ipse
654 3334 704 3398 Εψ
723 3336 783 3400 ipsa
801 3336 825 3384 A
847 3330 859 3400 {l
879 3336 929 3385 555
948 3336 1059 3385 excides
1077 3332 1100 3383 E
1116 3319 1200 3377 exarde-

313 3416 373 3450 mus
385 3401 411 3451 A
423 3397 435 3467 ss
447 3404 496 3452 568
509 3416 593 3464 quam
605 3418 624 3451 α
637 3400 703 3465 (qua
716 3404 768 3455 ind.
781 3402 846 3467 err.)
859 3398 870 3468 ΙΙ
887 3407 937 3455 570
949 3409 1027 3468 potes
1039 3405 1064 3453 A
1077 3385 1183 3465 potestE
1195 3378 1201 3445 i

312 3468 413 3518 Medea
426 3469 504 3519 onaE
515 3466 527 3535 Η
540 3474 618 3533 potes
632 3471 657 3519 A
670 3476 763 3533 potest
772 3470 797 3519 Ε
808 3465 821 3536 ll
833 3474 882 3521 573
895 3471 1007 3523 etheree
1019 3478 1043 3535 ψ
1057 3461 1198 3534 aetheriaetf

313 3537 467 3586 aetherium
485 3536 510 3586 E
534 3535 546 3604 ΙΙ
569 3538 619 3587 574
637 3543 699 3586 oete
718 3542 759 3589 uei
781 3539 905 3603 cathedr
928 3538 1034 3591 aeteE
1063 3537 1154 3589 Aeetae
1169 3514 1200 3581 tii

312 3608 363 3655 575
381 3605 497 3669 gemmis
516 3607 540 3654 A
561 3606 672 3669 generis
691 3606 716 3653 E
740 3602 751 3670 fl
