2750 4250
501 361 701 412 PRAEFATIO
980 369 1081 420 mv

95 525 123 577 13
191 517 350 596 Rcttig.
374 519 393 576 S
415 537 427 577 1
450 522 544 585 6,13
571 520 618 580 ‘lu
641 525 728 580 Annei
750 523 871 582 Senecae
892 527 1076 603 Tragoediae’

136 605 190 746 Icoifi.
205 607 289 663 chart.
304 621 380 662 xnrr
396 623 466 663 saec.
489 624 530 664 ex.
545 608 594 664 lol.
626 610 795 682 Argumenta
808 610 943 669 librarius
965 614 1076 675 addidit.

146 708 161 745 u
191 707 238 746 ue:

164 787 305 852 Expliciirt
317 787 447 854 tragedie
461 789 646 854 contemplato
658 805 710 854 per
720 807 825 858 mcgrm
837 793 942 858 Doicu3

196 856 228 906 de
241 855 359 906 domicio
372 855 407 908 do
420 870 550 908 cremone
562 856 638 908 ordii
647 857 698 910 blo
709 860 800 912 Meris
813 861 847 911 de

194 926 287 974 monte
301 923 432 978 carmelo.
458 922 624 977 consumare
636 941 655 990 p
667 929 740 978 msn’
754 929 901 981 anselmini

195 991 226 1041 de
239 991 402 1057 raymondis
416 991 495 1043 Anno
509 993 588 1043 dnice
600 994 778 1046 InccrnstoIs

194 1075 264 1110 uoco
278 1061 472 1126 octuagesimo
485 1065 562 1112 sexto
575 1061 619 1111 die
632 1063 712 1114 decio
726 1069 826 1116 octavo
838 1064 917 1130 maij.

135 1147 197 1205 llaec
210 1149 314 1207 addidit
329 1164 386 1205 rec.
404 1165 457 1205 m.:

162 1247 215 1296 Iste
226 1247 355 1312 tragedie
369 1227 395 1299 st
409 1245 463 1297 mei
481 1283 611 1298 .........
625 1250 758 1300 morantis

192 1315 308 1379 podner
325 1316 381 1366 ur'rc
393 1313 503 1365 locnroo
517 1313 550 1380 (t)
565 1330 633 1381 quos
646 1316 791 1382 tragedias
803 1333 855 1384 ego

193 1381 376 1434 accomodoui
388 1383 486 1449 mogr'o
499 1382 631 1434 Tomexio
645 1384 679 1435 de
691 1385 865 1440 Zochcnsto.

91 1489 124 1541 ‘id
188 1485 350 1564 Reudig.
380 1489 470 1552 816.
489 1486 528 1544 14
550 1487 735 1562 ‘Tragoedias
756 1507 871 1548 senecae
891 1508 952 1548 cum
973 1494 1074 1566 glossis

133 1572 222 1630 Nicolai
237 1574 360 1631 Troneth
375 1574 483 1632 Ordinis
498 1573 765 1651 Praedicatorumio
778 1574 896 1650 Anglia'
911 1578 971 1634 cod.
986 1579 1074 1636 chart.

133 1674 192 1714 saec.
206 1674 292 1716 xum.
329 1660 500 1734 Argumenta
522 1666 550 1716 et
564 1662 769 1717 coementarios
784 1669 947 1736 perpetuus.
977 1663 1036 1718 tol.
1054 1663 1072 1720 l

134 1741 177 1798 col.
194 1744 209 1798 1
230 1744 370 1818 Incipiunt
392 1743 514 1817 trogodie
537 1759 634 1801 senece
655 1743 764 1818 glosate
783 1741 788 1823 Ι
807 1763 859 1821 per
879 1742 934 1812 lies
948 1745 1074 1813 Nicolso3

135 1828 229 1883 traocth
246 1828 354 1885 ordinis
372 1825 387 1903 p
402 1828 428 1886 di
448 1822 455 1908 Ι
473 1835 556 1894 catost
572 1836 624 1886 etc.
654 1830 769 1887 Additee
783 1840 850 1888 sunt
864 1832 974 1906 glossae
988 1834 1075 1890 inter·

133 1910 236 1970 lineares
251 1913 402 1990 norioeque
418 1930 512 1971 manus
527 1915 603 1970 uarie
620 1915 789 1974 adleuerunt.
818 1917 923 1974 Desinit
936 1918 1022 1976 codex
1044 1919 1071 1974 in

134 1996 226 2056 liedeue
251 2017 353 2056 uersu:
382 1999 437 2056 Vos
457 2014 556 2073 precor
581 1997 682 2072 uulgus
705 2001 845 2060 silentum.
889 2001 1073 2060 Personarum

133 2091 202 2141 uotae
216 2084 316 2142 desunt
331 2083 379 2141 sed
395 2091 664 2157 mutataepersonae
684 2087 794 2161 siguum
808 2109 852 2138 =
867 2087 984 2145 additur.
1015 2086 1072 2144 Hu-

133 2168 168 2223 ius
191 2168 251 2226 libri
273 2170 442 2227 mentionem
463 2170 528 2226 lacit
547 2168 571 2226 J.
592 2172 623 2225 Α.
644 2170 786 2228 dubricius
813 2174 841 2228 iu
863 2172 930 2230 bibl.
959 2174 1006 2229 let.
1028 2174 1070 2229 ed.

132 2250 410 2311 ffiffitmcm

184 2352 375 2414 dothanus
396 2358 619 2415 membranaceus
633 2356 655 2412 ll
669 2357 719 2413 No.
737 2357 789 2415 51.
840 2359 916 2414 l'olia
938 2360 1070 2433 inscripto

134 2452 212 2503 ccxv,
234 2440 322 2498 lineae
344 2441 372 2497 iu
387 2441 469 2515 pleno
490 2444 589 2517 pagina
604 2443 645 2501 37
667 2449 821 2526 atramento
842 2443 950 2500 ductae.
980 2443 1071 2501 Codex

133 2523 280 2583 nitidissime
300 2528 430 2601 scriptus.
459 2528 578 2585 initiales
599 2545 666 2585 auro
688 2535 717 2583 et
732 2526 886 2591 coloribus.
911 2528 982 2585 tituli
1005 2528 1071 2585 sub·

135 2610 282 2681 scriptiones
303 2628 484 2685 personarum
500 2621 582 2670 notae
597 2612 681 2669 rubro
697 2612 797 2686 pictae.
834 2612 961 2669 Continet
982 2611 1031 2669 iol.
1049 2614 1066 2670 l

135 2700 156 2746 et
173 2692 188 2747 2
208 2693 401 2771 arguments*)
425 2696 517 2754 decem
538 2698 755 2774 tragoediarum,
777 2696 826 2754 iol.
850 2697 910 2755 3-
928 2696 988 2755 165
1012 2706 1067 2755 tro·

135 2778 228 2847 gordias
254 2782 309 2838 hoc
335 2782 445 2838 ordine:
480 2782 606 2840 hercules
632 2782 736 2838 turcus.
772 2783 903 2857 thyestes.
943 2781 1066 2857 thebays.

135 2863 254 2938 ypolytus.
277 2862 395 2941 edypusss
417 2873 500 2924 troas.
522 2867 626 2925 medes.
653 2882 840 2940 agamemnon.
863 2867 978 2923 octouio.
1001 2867 1066 2921 lier-

136 2946 195 3004 coles
208 2952 317 3009 etheus.
340 2951 466 3026 Scriptus
481 2953 592 3009 uidetur
606 2953 634 3008 iu
648 2951 726 3008 ltalia
741 2948 912 3023 saec.xv**)
927 2949 960 3006 de
976 2966 1067 3007 erem·

137 3030 190 3101 pleri
209 3044 235 3091 et
255 3038 317 3110 ipso
338 3037 492 3095 recentiore
514 3037 546 3093 ah
567 3039 677 3094 homine
698 3036 809 3093 indocto
831 3035 879 3092 illo
895 3035 1005 3109 quidem
1020 3037 1069 3093 sed

137 3114 249 3191 diligenti.
289 3120 386 3181 rote
408 3122 478 3179 inira
501 3129 606 3181 tentum
627 3122 745 3196 insignio
766 3120 908 3195 gentilicio
930 3138 1000 3195 quoe
1021 3122 1067 3177 od·

137 3254 319 3271 Ἁ--ιι

190 3334 210 3397 ⁸)
231 3338 264 3387 In
280 3337 334 3387 tine
352 3338 435 3403 primi
456 3338 626 3403 argumenti:
650 3342 753 3388 ‘causo
773 3352 841 3387 uero
864 3336 990 3388 efficiens
1007 3338 1068 3389 sine

138 3410 327 3469 tenecspoeta.
365 3404 420 3455 Sed
444 3420 475 3471 qo
502 3405 637 3455 dubium
659 3406 812 3455 uertitur
832 3405 924 3455 inter
945 3406 1068 3457 multos

139 3470 279 3523 assuerit
291 3474 353 3523 ille
365 3474 508 3524 moralis
522 3475 578 3539 qui
598 3473 767 3537 epistolas
788 3472 828 3522 od
840 3472 966 3523 lucillir
980 3489 1067 3524 com·

138 3539 232 3594 posuit
243 3540 349 3605 placuit
360 3533 421 3593 tii’.
482 3538 523 3605 **)
536 3542 571 3591 In
582 3542 670 3607 primo
684 3546 846 3606 argumento
859 3555 1067 3591 conmemoran-

138 3603 172 3650 tur
184 3604 325 3673 Hugutio
343 3614 373 3659 et
385 3610 590 3673 Boccotius,
610 3609 737 3660 adHere.
754 3609 1080 3661 oet.1611'l'revetto'

139 3670 331 3729 ‘commentator
343 3676 551 3743 tragoediarum
559 3682 579 3731 ⁷.

817 3758 856 3821 0*
