2750 4250
280 347 345 414 268
553 362 585 409 c.
611 360 746 408 suussr
769 359 925 408 senecen

367 521 460 583 seque
475 519 535 564 neu
549 500 645 562 solum
660 499 807 580 placuisse
823 517 946 578 poenae.

367 589 447 650 serre
463 603 551 667 quam
566 596 678 648 sortem
694 587 847 664 patiuntur
863 602 964 646 omnes

612 689 716 732 nemo
731 678 859 733 recusat..

249 827 275 888 ι’
413 823 524 886 Dulce
540 825 569 885 in
583 823 727 884 murensis
741 824 839 903 posito
854 824 948 884 ruinis

369 910 518 972 neminem
534 908 626 970 laetus
642 908 781 972 habuisse
798 907 906 970 uultus.

369 1013 458 1056 neme
472 1012 505 1054 se
520 994 624 1056 credet
637 995 798 1067 miserum,
815 991 885 1054 licet
900 994 945 1054 sit.

368 1078 438 1140 telle
453 1078 568 1149 felices,
583 1087 737 1140 remanete
752 1077 845 1138 multo

369 1165 476 1225 diuites
491 1169 580 1234 auru,
597 1171 750 1225 remuuete
766 1171 885 1225 centum

370 1267 441 1310 rura
457 1250 508 1328 qui
522 1249 661 1309 scindunt
675 1246 815 1326 opulenta
832 1246 943 1308 bubus:

368 1335 493 1414 pauperi
507 1341 631 1412 surgent
645 1334 736 1394 animi
749 1334 889 1394 iacentes.

370 1426 415 1480 est
430 1419 520 1479 miser
536 1437 640 1480 nemu
656 1418 713 1478 nisi
727 1423 925 1496 comparatus.
1012 1429 1033 1470 r.
1047 1425 1156 1470 xxxvl!
1198 1413 1220 1462 ¹⁰

413 1570 465 1632 llle
480 1569 616 1650 deplorat
630 1570 877 1649 queriturque
894 1570 983 1632 latum
1198 1568 1220 1615 10

370 1659 419 1737 qui
435 1673 540 1717 secans
554 1654 677 1716 fluctum
693 1662 757 1716 rate
773 1653 914 1734 singulari

369 1741 467 1802 nudus
483 1743 513 1801 in
527 1749 632 1819 pertus
647 1739 754 1801 cecidit
769 1742 886 1818 petitos.

369 1827 491 1906 aequior
507 1842 608 1886 casum
624 1823 689 1886 tulit
704 1831 732 1884 ct
747 1823 895 1902 procellas

370 1909 449 1971 mille
464 1911 515 1988 qui
529 1917 621 1988 poulo
636 1910 749 1987 pariter
764 1910 880 1971 carinas
934 1983 936 1990 Ι

371 1994 458 2056 obrui
475 1994 545 2054 uidit
558 1993 717 2073 tabulaque
732 1992 800 2053 litus

370 2079 526 2159 naufraga,
543 2080 631 2140 terris
646 2095 729 2140 mare
744 2095 810 2141 cum
827 2079 937 2142 coactis

369 2163 508 2226 {luctibus
523 2182 611 2225 cerus
626 2163 765 2243 prohibet
781 2166 900 2225 reuerti.

414 2316 578 2387 Questus
594 2324 649 2376 est
664 2314 767 2377 Hellen
783 2317 924 2378 cecidisse
939 2315 1079 2387 PhrixuS,

369 2419 435 2461 curn
452 2402 550 2479 gregis
566 2401 671 2462 ductor
687 2401 820 2462 radiante
837 2401 907 2462 uille

369 2504 460 2547 aureo
476 2486 599 2547 lratrern
615 2485 702 2547 simul
719 2494 748 2546 et
762 2503 896 2547 sororem

370 2569 486 2631 sustulit
499 2579 583 2649 tergo
599 2571 757 2649 medioque
772 2572 882 2632 iactum

369 2654 439 2715 lecit
453 2657 485 2714 in
500 2664 607 2734 pontu,
625 2657 718 2716 tenuit
734 2655 870 2735 querelas

370 2747 398 2797 et
413 2740 460 2798 uir
476 2747 505 2800 et
520 2738 648 2820 Pyrrha,
666 2759 748 2802 marc
764 2759 831 2801 curn
849 2739 986 2802 uiderent

369 2831 398 2882 et
413 2822 485 2884 nihil
501 2832 621 2904 praeter
638 2844 719 2886 mare
735 2844 802 2886 cum
819 2825 956 2886 uiderent
1202 2816 1245 2872 105³]

369 2909 446 2969 unici
463 2911 551 2970 terris
567 2910 702 2972 homines
719 2911 823 2973 relicti.

282 3037 486 3054 -ᾕ--ῌ

353 3108 418 3184 1020
436 3112 575 3177 placuisse
592 3114 643 3176 Eu
666 3115 792 3180 patuisse
810 3116 835 3164 A
866 3112 877 3181 Η
906 3115 975 3165 Ante
993 3133 1018 3164 u.
1039 3117 1104 3167 1028
1120 3117 1189 3165 iater-

281 3183 416 3245 posterus.
436 3181 594 3234 10341035.
625 3180 636 3249 Η
666 3186 733 3235 1034
756 3198 790 3232 en
806 3183 879 3232 imm.
898 3182 924 3232 E
953 3184 982 3232 in
1000 3186 1142 3248 mensisqt
1167 3182 1189 3230 in

283 3248 356 3285 imm.
375 3243 400 3290 A
419 3240 431 3309 Η
452 3250 517 3301 1028
537 3250 632 3301 credet
649 3252 673 3301 E
693 3250 781 3303 credit
798 3254 820 3301 A
840 3247 852 3316 Η
874 3252 939 3301 1029
957 3256 1100 3304 remouete
1116 3251 1140 3301 E
1155 3265 1190 3299 re·

284 3310 394 3356 moneto
413 3313 439 3361 A
451 3310 462 3379 Η
475 3318 541 3369 1030
552 3326 691 3370 remouete
703 3320 729 3368 Ε
746 3324 888 3370 remoueto
901 3320 927 3369 A
938 3314 950 3385 Η
964 3321 1028 3370 1031
1048 3320 1190 3370 scindunle

284 3367 415 3425 scindant
432 3383 456 3428 A
478 3380 489 3449 Η
510 3386 600 3437 bubus
617 3401 631 3438 ε
649 3390 737 3440 bobus
756 3389 780 3437 A
801 3383 812 3452 Η
834 3389 899 3438 1032
918 3392 1047 3438 recentes
1065 3384 1109 3506 ψΗ
1135 3386 1189 3438 1042

281 3438 430 3543 Epulrags
447 3452 529 3504 terris
546 3470 622 3505 mare
640 3457 666 3506 E
689 3457 722 3506 N.
741 3455 836 3521 spargi
848 3471 882 3504 m.
897 3456 921 3505 A
934 3451 946 3521 Η
959 3462 1072 3507 coactos
1130 3470 1188 3506 carr.

281 3563 298 3610 3
316 3499 558 3647 mu)1234†1h1enem
576 3530 600 3587 q
621 3521 632 3590 Η
657 3528 722 3575 1047
742 3526 845 3603 iectura
863 3522 1009 3605 medioque
1028 3522 1110 3589 (eurr.
1128 3526 1143 3605 2
1158 3522 1191 3571 nel

342 3606 349 3619 ·
484 3590 535 3641 049
556 3592 658 3657 pyrrha
676 3593 727 3642 EA
759 3606 906 3642 coniunx
929 3608 959 3643 rc.
979 3592 1162 3658 Hapllelenprus
1178 3588 1189 3653 Η

282 3628 350 3684 1050
369 3650 496 3704 meritum
514 3659 539 3706 E
557 3675 632 3709 mare
652 3675 713 3709 cum
733 3661 757 3709 A
770 3657 781 3725 Η
796 3666 874 3709 totum
892 3675 991 3723 uersum
1009 3676 1057 3713 om.
1076 3668 1099 3720 ψ
1119 3661 1131 3725 Η
