2750 4250
295 333 356 397 112
573 347 605 393 n.
622 345 756 393 sunum
772 343 930 393 sunnone

293 489 344 549 sed
360 487 501 568 numquid
517 495 546 547 et
560 479 712 566 peccauit?
728 485 897 546 abstrusum
914 485 1046 546 abditum

293 572 475 653 dubiumque
490 589 527 634 an
543 589 648 641 essem,
665 569 787 632 sceleris
804 571 915 631 intendi
931 589 1015 632 reum

294 659 367 719 deus
383 659 451 736 egit.

240 735 282 793 d''
497 739 996 820 iliotestedamneuitpnrens

294 826 449 905 calidoque
464 833 583 888 teneros
599 828 726 888 transuit
742 825 824 898 terro
841 824 933 904 pedes

293 919 323 972 et
337 914 366 972 in
382 911 438 972 alte
454 929 578 973 nemore
592 911 735 991 petulum
752 911 831 971 misit
845 911 917 971 ieris

292 996 456 1077 suibusque
471 998 576 1066 saeuis,
593 1014 666 1075 quas
682 996 842 1058 Cithaeron
859 997 964 1058 noxius

292 1100 400 1144 eruore
415 1101 505 1161 saepe
520 1083 603 1159 regio
618 1083 726 1143 tinctas
741 1081 803 1142 elit.

239 1159 283 1217 dm
335 1167 392 1228 Sed
409 1185 497 1247 quem
513 1166 586 1228 deus
602 1167 794 1228 damnauit
808 1165 916 1227 abiecit
931 1173 1047 1245 pater,

292 1271 391 1312 mors
408 1270 526 1331 quoque
541 1252 659 1331 refugit.
687 1251 819 1330 praestiti
834 1250 954 1330 Delphis
970 1252 1074 1313 fidem:

292 1339 458 1414 genitorem
474 1337 597 1398 adortus
612 1338 691 1416 inpia
706 1338 801 1397 streui
817 1353 900 1397 nece.
1215 1349 1248 1396 uto

292 1423 349 1483 hoo
365 1422 460 1498 alique
476 1424 570 1503 pietus
585 1422 728 1482 redimet?
744 1455 786 1466 -
802 1420 896 1481 ooeidi
912 1428 1037 1500 petrem,

292 1507 344 1568 sed
358 1515 483 1568 matrem
499 1509 605 1568 amani.
632 1506 771 1586 proloqui
787 1505 983 1586 hymenaeum
999 1505 1089 1586 pudet

291 1592 451 1670 taedasque
466 1601 592 1653 nostres,

263 1695 279 1728 c
622 1677 681 1737 Has
697 1693 815 1756 qnoque
836 1677 960 1736 inuitum
977 1677 1039 1755 pati

293 1771 321 1823 te
337 1780 410 1840 coge
425 1780 546 1842 poenas.
576 1761 724 1822 sueinus
739 1763 872 1840 ignotum
889 1762 1012 1822 efferum

292 1849 462 1908 inusitatum
479 1846 542 1908 iare
558 1845 637 1925 quod
653 1845 756 1926 populi
771 1845 922 1916 horreant,

291 1931 371 2010 quod
387 1949 452 1992 esse
467 1933 576 1993 iactum
593 1931 673 1993 nulia
690 1947 747 1990 uon
764 1937 844 1991 aetas
857 1939 957 2009 neget,

293 2017 372 2094 quod
387 2017 561 2095 patricidam
577 2018 696 2095 pudeat.
723 2019 754 2076 in
769 2019 881 2094 patrios
897 2025 980 2076 toros

292 2101 345 2162 tuti
360 2109 485 2182 paterno
501 2103 644 2180 sanguine
659 2101 816 2181 adspersas
831 2119 936 2177 manus

272 2186 520 2276 'scelerisque
535 2190 662 2267 pretium
679 2190 774 2249 maius
789 2187 890 2265 accepi
906 2187 1041 2248 scelus.

255 2282 272 2316 0
332 2272 413 2333 Leue
429 2283 473 2334 est
487 2280 646 2352 paternum
663 2273 822 2333 focinus.
855 2262 1047 2333 in'thelomos
1064 2290 1145 2333 meos
1217 2281 1251 2328 uto

290 2356 416 2417 deducta
432 2366 535 2427 mater,
552 2376 591 2419 ue
605 2375 712 2437 parurn
727 2356 890 2419 sceleris
905 2358 991 2427 toret,

289 2441 426 2503 iocunde.
451 2442 564 2504 nntium
581 2445 696 2504 crimen
712 2442 768 2503 hoe
783 2442 878 2502 maius
894 2451 991 2520 potest

290 2534 395 2587 natura
411 2528 499 2588 ierre.
527 2528 646 2607 siquod
663 2530 824 2589 etiamnum
841 2534 885 2587 est
900 2536 1016 2589 temen:

289 2613 340 2691 qui
351 2612 454 2675 *iecere
470 2615 585 2694 possint
600 2613 744 2675 dedimus.
775 2612 869 2673 abieci
885 2615 966 2674 neeis

289 2699 416 2774 pretium
431 2706 573 2778 paternae
589 2707 739 2777 sceptrum
756 2706 785 2759 et
800 2698 857 2759 hoe
872 2698 979 2760 iterum
996 2717 1102 2761 manus
1217 2700 1251 2749 sto

291 2784 415 2845 armauit
430 2783 503 2845 eliis.
532 2786 643 2864 optime
655 2786 740 2861 regni
756 2784 815 2845 mei

292 2867 385 2929 iatum
400 2870 463 2950 ipse
480 2872 566 2930 noui:

259 2945 277 2995 b
578 2953 672 3015 Nemo
687 2956 753 3015 sine
768 2970 854 3015 sacro
872 2954 948 3015 ieret

355 3175 405 3224 252
423 3191 487 3226 reus
505 3175 541 3226 E¹
564 3191 641 3227 reum
659 3173 721 3225 E³A
751 3170 763 3241 Η
792 3176 842 3225 254
858 3174 1002 3225 transtulit
1019 3174 1087 3225 ΑΕΕ
1106 3172 1199 3238 (trous-

288 3238 361 3288 tudit
379 3245 583 3307 sinitedem.)
602 3244 721 3295 transuit
738 3242 764 3293 E
793 3239 804 3309 Η
833 3243 883 3293 256
902 3243 1057 3306 ambosque
1077 3240 1163 3293 auidis
1179 3243 1199 3296 tr

288 3308 387 3358 auibus
406 3316 435 3361 et
453 3312 543 3363 onidis
562 3329 581 3363 α
608 3313 761 3375 suibusque
780 3310 873 3373 saeuis
893 3310 917 3359 Ε
941 3306 957 3387 j}
986 3312 1036 3361 257
1059 3312 1162 3360 tractes

288 3378 426 3429 attractas
439 3396 459 3430 α
475 3378 779 3434 sincerissimorum
797 3380 958 3431 instinetas
978 3378 1046 3445 agit
1063 3376 1175 3429 etNHe

287 3441 336 3492 261
356 3444 413 3496 elie
430 3466 452 3499 ω
469 3450 508 3499 eli
533 3465 575 3499 ue
593 3454 624 3502 oi.
637 3450 688 3501 Bo.
707 3444 724 3515 H
747 3448 796 3497 271
816 3446 952 3497 scelerum
969 3447 994 3496 A
1014 3446 1128 3497 sceleris
1145 3441 1170 3492 Ε

287 3510 337 3562 273
356 3514 380 3562 si
397 3532 443 3567 om.
457 3517 490 3567 E.
526 3515 531 3585 Ι
560 3518 611 3568 274
627 3520 743 3583 possunt
762 3531 781 3566 α
798 3520 912 3580 possent
930 3515 974 3579 (ot.
995 3513 1114 3581 possint)
1132 3518 1168 3576 ψε

287 3577 337 3629 276
354 3587 498 3646 paternum
511 3586 536 3637 Ε
547 3590 681 3651 paternae
695 3584 720 3635 Α
732 3579 744 3651 [Ι
756 3585 806 3634 276
820 3583 884 3633 eliis
896 3582 922 3633 E
934 3590 951 3633 t.
965 3582 991 3651 Ι,
1003 3583 1046 3635 Gr.
1062 3577 1167 3633 elinsA

286 3645 338 3697 277
357 3651 454 3705 efferet
471 3656 498 3705 Ε
519 3655 636 3706 seretti
660 3650 674 3721 11
