2750 4250
507 386 686 436 THYESTES

147 529 191 590 sed
206 529 312 607 rapior.
339 529 399 589 imo
414 530 508 605 mugit
523 547 541 589 e
556 528 647 590 inndo
663 528 771 598 solnm,

147 621 219 674 tonat
234 612 294 674 dies
310 631 435 676 serenus
451 631 487 675 ee
501 615 569 676 tetis
584 614 692 676 demus

148 707 174 758 nt
187 699 275 759 inacta
290 700 376 760 tectis
390 701 509 777 crepuit
523 707 553 761 et
567 700 641 760 meti
655 697 734 760 lares

148 793 254 845 uertere
269 783 400 847 uultumt
422 785 473 846 fiat
487 784 555 854 boc,
571 785 622 846 flat
636 785 736 855 nefas,
1072 803 1121 854 255

148 868 215 947 quod
230 869 260 929 di
274 871 394 931 timetis.

118 962 137 1020 f'
183 967 251 1015 sen.
456 957 569 1018 Facere
585 954 656 1035 quid
670 953 791 1016 tandem
806 955 911 1033 paras?

148 1053 215 1100 ane.
247 1041 376 1101 nescio
397 1041 484 1120 quid
506 1041 650 1101 animus
671 1041 767 1102 mains
782 1047 812 1102 et
826 1038 912 1102 solito
927 1038 1054 1121 amplius

149 1141 284 1205 supraque
299 1126 374 1187 fines
389 1128 481 1188 monis
495 1125 620 1187 hnmani
634 1132 753 1186 tnmet

148 1210 281 1290 instatque
296 1212 391 1290 pigris
404 1211 550 1274 manibus.
577 1210 657 1272 baud
673 1210 743 1292 quid
759 1212 797 1272 sit
811 1212 883 1280 scio,

149 1295 190 1354 sed
204 1295 314 1372 grande
330 1297 470 1375 quiddam
487 1304 542 1358 eat.
566 1297 606 1358 ita
621 1297 669 1357 eit.
692 1297 750 1358 hnc
765 1298 864 1358 anime
879 1313 1003 1376 occupa.
1071 1316 1121 1365 270

149 1379 256 1458 dignum
272 1388 317 1442 est
331 1382 459 1461 Thyeste
472 1382 590 1444 [animes
605 1389 634 1443 et
648 1381 770 1458 dignum
786 1381 886 1443 Atreo.

124 1497 137 1545 g
183 1467 306 1544 Vterque
322 1467 418 1530 iaciat.
432 1502 476 1516 -υ
492 1467 567 1529 uidit
582 1466 718 1528 infandas
733 1468 839 1529 domus

149 1549 250 1628 odrysia
265 1569 393 1614 mensas.
409 1589 453 1600 -
466 1553 577 1624 fateor,
598 1553 718 1614 inmane
734 1561 779 1616 est
793 1550 905 1622 scelus,

149 1635 191 1695 sed
205 1646 393 1715 occupatum:
409 1641 503 1701 mains
517 1637 576 1700 boe
591 1636 701 1717 aliquid
716 1637 801 1700 dolen

150 1721 274 1783 inueniat.
306 1725 438 1784 animum
453 1723 555 1785 Daulis
569 1724 683 1802 inspira
699 1741 810 1803 parens
1068 1743 1118 1791 276

150 1824 288 1886 sororque.
309 1827 397 1870 eausa
415 1817 459 1870 est
475 1807 592 1870 similis:
608 1809 713 1870 assiste
729 1817 759 1871 et
775 1826 894 1870 manum

150 1891 244 1968 inpelle
259 1902 406 1955 nostram.
422 1928 465 1938 —
478 1893 593 1956 liberos
608 1894 713 1954 auidus
728 1900 813 1974 pater

138 1976 324 2066 ,gandensque
338 1978 452 2041 laceret
465 1987 496 2041 et
510 1996 581 2040 suos
595 1986 679 2040 artus
695 1979 771 2041 edat.

124 2074 138 2121 e
184 2062 256 2125 Rene
272 2073 325 2127 est.
355 2063 474 2127 abunde
489 2072 543 2129 est.
570 2064 620 2127 bie
636 2063 734 2144 piacet
748 2083 864 2145 poenae
880 2063 986 2127 modus

152 2150 286 2229 tantisper.
314 2152 435 2213 ubinam
452 2152 513 2213 esti
528 2160 588 2212 tan
604 2150 655 2211 din
671 2168 725 2213 eur
739 2152 883 2215 innocens
1069 2170 1119 2218 ‘280

152 2245 270 2295 uersatur
285 2237 411 2298 Attene?
425 2244 488 2298 tnta
503 2238 562 2297 iam
578 2244 646 2297 ante
662 2235 766 2299 oeulos
782 2254 864 2298 meos

152 2318 235 2397 imago
250 2321 349 2383 caedis
364 2331 462 2393 errat.
478 2324 594 2401 ingesta
609 2321 721 2383 orbitas

152 2403 176 2461 in
189 2422 234 2465 nra
250 2408 350 2485 patris.
377 2406 562 2488 animequid
578 2424 683 2468 rursus
698 2410 786 2469 times

153 2495 176 2547 et
188 2496 248 2551 ante
261 2510 326 2553 rem
342 2492 490 2553 subsidisi
504 2492 674 2555 audendum
691 2500 748 2563 est,
767 2510 830 2571 age.

153 2574 217 2649 qued
232 2578 319 2638 estin
334 2579 392 2639 isto
408 2577 523 2641 scelere
537 2580 733 2657 praecipuum
748 2578 840 2648 nefas,
1071 2594 1121 2645 ‘285

155 2658 201 2719 boc
213 2660 272 2739 ipse
286 2664 383 2725 saciet

129 2736 141 2783 h
189 2756 255 2809 san.
460 2747 518 2810 Sed
534 2747 641 2829 quibus
656 2755 760 2833 eaptus
776 2747 852 2811 dolis

154 2837 254 2892 nostres
269 2832 351 2895 dabit
366 2833 531 2913 perductus
546 2835 576 2895 in
591 2832 713 2913 laquens
729 2834 853 2913 pedem?

153 2912 253 2978 inimica
267 2918 363 2980 eredit
378 2927 495 2981 cuneta.
598 2976 606 2985 ,

155 3011 217 3061 ann.
525 3022 585 3065 nnn
601 3011 718 3084 poterat
733 3006 807 3085 capi,

156 3084 198 3144 nisi
211 3104 314 3166 capere
327 3086 427 3151 uellet.
453 3106 546 3168 regna
560 3107 641 3152 nune
656 3108 671 3151 s
677 3098 786 3169 perat
801 3108 875 3151 mea.

159 3220 340 3235 x·—

169 3355 174 3365 .
208 3288 253 3344 268
275 3296 396 3359 timeteb
425 3299 514 3345 tumet
531 3295 583 3345 Εα
611 3291 623 3361 ΙΙ
651 3296 702 3346 269
720 3274 832 3347 ffnimus
851 3294 876 3344 Ε
904 3291 916 3361 Η
945 3296 996 3347 270
1013 3298 1054 3346 in·

158 3363 241 3419 eapeA
273 3379 381 3428 occupa
399 3363 425 3412 E
446 3380 497 3417 uns
513 3379 549 3415 ex
570 3363 637 3413 Pan.
672 3359 684 3429 ss
719 3365 768 3414 272
792 3367 908 3429 uterque
927 3364 952 3413 Α
982 3364 1053 3430 qnod

158 3429 250 3491 uterque
261 3431 285 3480 E
307 3428 320 3496 ΙΙ
343 3433 394 3483 276
413 3431 532 3481 animum
545 3432 659 3497 gnatieb
683 3446 728 3481 an.
741 3430 792 3481 filii
805 3432 830 3481 Α
855 3432 976 3481 animum
988 3431 1055 3482 dan-

158 3488 218 3541 lise
242 3495 254 3563 ΙΙ
280 3502 331 3550 276
354 3515 432 3550 soror
450 3503 534 3563 eeieb
565 3514 696 3565 sororque
716 3499 761 3550 Εα
790 3496 801 3565 li
836 3502 885 3550 277
909 3515 1010 3565 parens
1028 3501 1054 3550 A

158 3565 220 3619 nater
234 3564 258 3614 E
284 3564 296 3635 ss
325 3569 376 3619 282
394 3568 476 3617 uerba
492 3568 605 3633 ingesta
622 3568 729 3618 orbitas
746 3570 775 3618 in
793 3584 841 3618 orn
853 3570 942 3633 patris
960 3584 1006 3618 om.
1020 3576 1055 3630 ψ,

157 3631 238 3680 tueatur
254 3649 284 3686 αε
307 3632 320 3702 ll
342 3637 393 3687 286
411 3636 502 3686 iaciat
521 3652 539 3687 α
557 3636 646 3687 faciei
664 3636 714 3701 Εψ
738 3633 749 3704 Η
779 3637 829 3687 288
847 3637 950 3701 poterii
962 3637 986 3686 Α
1005 3651 1053 3701 po·

158 3699 214 3747 ierat
229 3713 241 3752 ε
257 3720 345 3758 unae>
361 3704 429 3755 Pan.
460 3700 471 3770 ΙΙ
1070 3743 1072 3749 .
