2750 4250
438 332 621 381 nuecvuus
639 318 831 401 [cernuus]
1026 318 1092 385 407

173 473 299 553 sisypbia
316 472 417 534 ceruix
434 478 531 535 cesset
545 480 574 533 et
589 478 709 533 nostros
723 471 797 550 lanis

175 558 294 638 inpellat
307 576 439 619 umerus.
469 576 518 619 me
532 576 625 635 uagus
642 558 735 636 lugiet
748 557 827 619 latex

173 662 327 723 meamque
344 641 432 704 fallax
447 642 526 704 unda
541 641 662 704 deludat
676 644 765 705 sitim.

173 730 269 789 merui
283 747 387 789 manus
402 728 549 807 praebere
565 727 734 791 turbinibus
749 729 807 789 tuis

173 832 377 893 quaecumque
392 831 495 893 regem
510 813 672 875 thessalum
688 820 812 891 torques
826 818 902 874 rute.

171 898 290 960 effodiat
306 898 411 959 auidus
426 898 496 959 binc
511 906 541 961 et
556 899 625 959 bine
641 897 743 960 uultur
757 897 857 959 libras.

173 992 257 1045 uacet
271 1002 330 1046 uua
346 984 470 1045 Danais:
494 983 548 1045 bas
563 1001 619 1062 ego
634 983 761 1066 explebo
778 984 872 1044 uices:

172 1069 266 1130 laxate
282 1087 393 1131 manes.
425 1071 527 1149 recipe
542 1087 590 1130 me
606 1072 745 1131 comitem
759 1068 813 1130 tibi

174 1153 309 1231 pbasiaca
325 1155 464 1215 coniunx.
497 1154 580 1233 peior
595 1154 669 1216 baec
684 1156 771 1235 peior
786 1162 838 1215 tuc

132 1248 136 1257 '
172 1249 300 1320 utroque
315 1239 419 1301 dextra
434 1247 480 1301 est
494 1240 624 1309 scelere,
640 1258 694 1301 seu
709 1249 806 1301 mater
820 1257 946 1311 nocens,

171 1342 224 1385 seu
239 1324 303 1385 dira
318 1341 406 1385 soror
421 1343 462 1385 es.
493 1325 569 1387 adde
584 1343 633 1386 rue
648 1326 787 1386 comitem
803 1326 862 1386 tuis

173 1409 294 1470 threicia
310 1411 439 1471 coniunx
455 1409 626 1472 sceleribus.
658 1416 757 1470 natam
772 1417 854 1471 tuam

172 1492 292 1555 Althaea
308 1502 405 1557 mater
419 1497 530 1576 recipe.
562 1513 642 1555 nunc
658 1512 761 1556 ueram
777 1496 820 1555 tui

173 1596 300 1655 agnosce
315 1579 440 1658 prolem.
472 1580 541 1660 quid
558 1587 656 1641 tamen
674 1586 786 1641 tanturn
803 1598 909 1641 manus

173 1672 289 1726 uestrae
305 1663 510 1725 abstulerunt?
533 1664 659 1726 claudite
675 1663 807 1745 Elysium
823 1664 896 1725 mibi

173 1766 379 1829 quaecumque
394 1749 470 1811 lidae
485 1752 626 1829 coniuges
641 1751 774 1811 nemoris
788 1751 866 1811 sacri

174 1831 254 1895 lucos
270 1837 388 1896 tenetis.
419 1835 444 1894 si
461 1854 518 1914 qua
534 1836 678 1914 respersit
692 1853 799 1896 manus

175 1920 229 1979 uiri
245 1936 354 1981 cruore
369 1937 425 1980 nec
440 1938 555 1981 memor
571 1926 669 1981 castae
684 1920 758 1980 lacis

175 2005 276 2065 stricto
292 2014 415 2067 cruenta
431 2004 509 2067 belis
523 2008 555 2067 in
571 2006 652 2066 lerro
669 2007 764 2066 stetit:

121 2131 123 2154 r
177 2088 206 2149 in
220 2108 267 2152 me
282 2109 351 2153 suas
366 2098 508 2170 agnoscat
523 2098 552 2153 et
565 2090 667 2152 laudet
681 2107 796 2152 manus.

177 2175 205 2234 in
219 2175 275 2236 bac
291 2176 374 2236 adire
389 2178 546 2255 coniugem
562 2175 647 2238 turba
664 2177 752 2247 libet,

175 2260 225 2320 sed
241 2270 271 2320 et
284 2260 333 2322 illa
349 2261 443 2338 lugiet
458 2261 544 2323 turba
560 2270 619 2324 tatu
637 2262 717 2324 diras
732 2278 846 2323 manus.

177 2345 282 2406 inuicte
298 2346 428 2407 coniunx
443 2347 587 2409 innocens
602 2348 719 2408 animus
735 2347 807 2407 milri

177 2429 296 2492 scelesta
312 2449 419 2493 manus
435 2439 488 2494 ast.
519 2449 574 2510 pro
590 2433 676 2492 nimis
692 2447 777 2492 ruens
792 2429 913 2493 credula

181 2533 230 2592 pre
245 2515 337 2578 Nesse
354 2515 442 2578 lallax
459 2523 547 2597 atque
563 2518 697 2578 semiferi
714 2513 784 2578 doli.

178 2601 291 2663 auferre
307 2604 431 2680 cupiens
447 2601 552 2680 paelici
568 2602 664 2682 eripui
680 2601 761 2662 mibi.

180 2685 281 2748 recede
296 2688 383 2753 Titan
399 2694 491 2766 tuque
507 2705 582 2766 quae
597 2686 704 2749 blanda
719 2695 807 2748 tenes

180 2821 377 2832 Q—-ffl

241 2892 292 2942 948
311 2891 426 2941 deludet
444 2891 551 2942 EAER
569 2891 694 2956 decipiet
710 2891 736 2940 A
747 2886 760 2956 Η
778 2894 829 2942 959
846 2892 937 2943 Vecet
953 2907 975 2941 m
992 2891 1094 2941 Vacat

181 2957 363 3025 Rupletenytuc
374 2967 401 3009 et
412 2960 487 3009 bue.
499 2962 564 3011 conl.
577 2960 659 3010 Herc.
672 2959 690 3008 Ι
701 2962 753 3010 504
764 2956 776 3024 ΙΙ
788 2963 838 3011 953
855 2960 907 3008 tibi
919 2958 968 3009 ER
985 2959 1028 3008 tui
1040 2958 1064 3007 A
1080 2959 1095 3023 ΙΙ

180 3028 227 3077 954
241 3028 296 3078 bue
313 3027 340 3077 E
358 3028 427 3078 baec
448 3028 471 3077 A
509 3030 556 3078 tue
568 3027 594 3077 Ε
611 3033 661 3077 tus
673 3027 698 3077 A
711 3024 723 3094 ΙΙ
735 3029 785 3079 955
803 3029 926 3093 Vtroque
938 3026 995 3076 ΕΗ
1011 3027 1096 3077 Vtra·

181 3108 230 3157 que
246 3097 273 3146 A
284 3093 297 3163 ΙΙ
314 3095 431 3146 dextera
449 3097 474 3146 Ε
517 3093 580 3146 9559
598 3097 659 3146 956·
677 3095 795 3157 (scelere
807 3123 842 3133 -
854 3111 931 3147 soror
944 3093 986 3160 es)
1004 3095 1096 3146 &sunt

182 3161 300 3231 Rithq
317 3165 369 3214 uid.
389 3165 425 3214 ad
440 3165 527 3215 netu
550 3160 562 3230 ΙΙ
585 3165 635 3214 956
653 3178 731 3214 soror
748 3179 779 3215 es
797 3165 823 3214 Ε
848 3180 870 3215 s.
890 3167 934 3215 est
950 3162 975 3212 A
1003 3159 1016 3229 ΙΙ
1045 3164 1096 3214 958

184 3229 303 3284 Altbeam
326 3233 352 3282 Ε
380 3228 393 3298 [l
421 3233 463 3283 tui
487 3231 547 3282 ER
576 3236 652 3282 tuam
671 3232 697 3282 A
726 3228 738 3298 Η
766 3234 817 3283 960
839 3232 1014 3283 abstulerunt
1036 3232 1061 3282 Ε
1081 3233 1094 3295 ΙΙ

182 3299 228 3350 969
239 3301 312 3351 fecis
324 3301 372 3352 εΑ
392 3299 459 3352 fides
471 3308 495 3363 ψ
507 3295 519 3368 ll
534 3302 585 3350 964
604 3304 734 3351 cruentae
747 3302 769 3350 rt
780 3297 792 3366 Η
805 3301 881 3351 belle
899 3316 960 3351 cum
978 3301 1052 3351 ferro
1071 3300 1097 3350 Ε

184 3368 229 3416 uid.
247 3370 329 3422 Herc.
347 3369 367 3418 I
383 3371 433 3420 265
451 3369 547 3420 Belius
570 3369 644 3420 ferro
667 3369 693 3419 A
723 3369 805 3418 Bolis
823 3369 856 3418 iu
879 3370 952 3420 ferro
978 3368 1057 3419 Grau.
1081 3367 1095 3431 ΙΙ

183 3433 228 3485 965
245 3441 383 3503 agnoscet
399 3437 425 3487 Ε
444 3440 596 3502 eognoscat
611 3438 637 3487 A
649 3432 661 3501 ll
677 3437 729 3487 966
745 3436 833 3487 Inbue
853 3436 877 3485 Ε
894 3438 928 3486 In
945 3436 1017 3487 hauc
1036 3437 1060 3485 A
1082 3436 1095 3500 ΙΙ

188 3501 255 3554 adire
273 3506 296 3555 R
315 3505 459 3571 coniugem
477 3504 503 3554 Ε
525 3506 671 3572 coniugum
691 3506 715 3555 A
734 3500 746 3570 ΙΙ
763 3504 844 3555 turba
861 3504 887 3553 Ε
909 3505 1018 3555 turbam
1036 3504 1061 3553 A
1081 3505 1095 3567 ΙΙ

184 3569 229 3620 967
246 3571 298 3624 Sed
317 3578 346 3624 et
364 3574 389 3622 A
407 3575 445 3623 ut
463 3572 521 3634 (cm.
540 3573 605 3638 Sed)
627 3568 677 3638 ΕΗ
698 3575 748 3623 969
767 3587 811 3623 res
829 3573 855 3622 Ε
877 3587 954 3622 meus
971 3573 996 3621 A
1013 3567 1027 3638 [1
1046 3573 1099 3623 970

186 3641 260 3703 etque
278 3641 304 3691 Ε
326 3657 436 3707 neuque
455 3642 481 3692 A
494 3638 506 3709 {l
518 3641 574 3692 doli
592 3641 617 3691 Ε
635 3641 707 3691 dolis
725 3641 749 3690 A
774 3637 786 3707 Η
