2750 4250
563 358 686 407 ΜΕὓΕΑ

186 500 289 562 caelebs
303 502 401 563 lasau:
426 518 535 579 quaere
551 516 715 578 poenarum
733 516 826 577 genus

186 587 247 647 baut
259 588 392 649 usitatum
410 587 528 665 iamque
543 587 587 644 sic
602 591 693 645 temet
710 601 798 662 pana:

159 675 177 730 c'
220 671 272 732 Fas
286 691 372 733 omne
388 671 513 741 cenat,
530 669 618 730 abeat
633 668 774 746 expulsus
789 669 896 748 pudor.

184 757 339 818 uindicta
353 756 428 817 leuis
444 766 490 817 est
503 773 591 833 quam
607 756 707 816 lerunt
722 771 814 831 purae
831 772 951 815 manus:

182 841 312 902 incumbe
326 845 355 902 iu
372 844 434 902 iras
449 849 537 920 teque
552 839 741 918 languentem
758 840 852 902 excita
930 857 935 866 ¹

183 927 347 1006 penitusque
362 934 482 988 ueteres
498 933 618 1004 pectore
634 943 670 986 ex
685 926 746 984 imc
762 925 923 1002 impetus

181 1011 317 1072 uiolentus
331 1012 426 1073 hauri.
460 1010 598 1090 quicquid
614 1010 773 1071 admissum
791 1017 835 1070 esc
851 1009 965 1078 adhuc,

180 1097 262 1174 pietas
277 1108 410 1158 uocetur.

154 1192 167 1240 u
445 1181 507 1242 lloe
522 1198 576 1258 age
593 1188 622 1241 et
637 1179 704 1240 laxe
721 1181 814 1241 sciant

180 1285 259 1343 uuam
273 1267 350 1329 leuia
366 1268 477 1327 luerint
492 1283 641 1343 quamque
656 1263 789 1342 uulgaris
805 1273 891 1326 notae

180 1369 246 1428 quae
262 1351 440 1412 conmodaui
454 1351 613 1411 seelera.
644 1349 771 1427 prolusit
785 1347 870 1410 dulor

179 1453 227 1511 per
240 1438 292 1497 ista
308 1445 419 1498 noster.
450 1434 520 1514 quill
537 1452 642 1496 manus
658 1441 797 1512 poterant
811 1434 902 1496 rudes

180 1521 280 1583 audere
296 1522 455 1598 magnum?
478 1521 549 1599 quid
566 1518 706 1599 puellaris
718 1520 824 1590 lurorl

179 1605 271 1668 Medea
286 1625 366 1667 nunc
381 1624 464 1675 sum,
481 1608 576 1666 creuit
590 1607 743 1685 ingenium
759 1603 853 1664 malis,

155 1701 166 1747 c
215 1691 295 1752 lunai
310 1694 392 1753 iuuat
406 1692 540 1769 rapuisse
556 1689 719 1752 fraternum
737 1696 839 1768 caput,

179 1783 250 1836 artus
264 1779 345 1839 iuuat
359 1778 488 1838 secuisse
504 1785 534 1838 et
549 1793 659 1836 arcano
674 1781 790 1853 patrem

180 1860 310 1937 spoliasse
325 1881 425 1936 sacre,
442 1862 526 1922 iuuat
541 1863 571 1921 in
588 1862 709 1922 exitium
725 1862 805 1921 senis

181 1963 298 2008 armasse
314 1956 404 2007 natac.
437 1965 547 2026 quaere
563 1948 718 2007 materiam
735 1945 837 2006 dulor:

180 2030 209 2088 ad
224 2048 308 2092 omne
323 2033 438 2092 lacinus
453 2049 514 2091 uon
528 2031 633 2092 rudem
650 2031 785 2091 dextram
801 2030 929 2092 adseres.

156 2115 172 2171 c'
216 2113 276 2185 Quo
292 2126 320 2178 te
335 2118 425 2194 igitur
441 2116 484 2177 ira
501 2117 606 2186 mittis,
622 2126 673 2177 aut
685 2109 764 2195 uuae
782 2115 895 2195 perfide

180 2198 296 2263 intendis
310 2202 387 2263 hesli
402 2201 479 2263 telal
503 2204 603 2263 nescio
619 2202 688 2282 quid
704 2202 788 2263 ieron

181 2283 302 2347 decreuit
316 2289 432 2347 animus
447 2288 528 2348 intus
543 2294 572 2346 et
587 2286 720 2347 nondum
736 2287 791 2347 sibi

181 2369 258 2433 audet
272 2372 365 2433 lateri.
397 2370 488 2433 stulta
504 2374 666 2452 properaui
682 2373 770 2433 nimis

156 2539 174 2595 u'
216 2540 255 2601 llr
270 2538 380 2621 paelice
397 2542 507 2602 utinam
523 2540 634 2601 liberos
649 2542 744 2603 hostis
760 2560 843 2603 meus

182 2621 283 2703 aliquos
298 2627 430 2687 haberet.
461 2627 601 2705 quicquid
617 2646 652 2687 en
669 2624 718 2686 illo
734 2633 818 2687 tuum
835 2633 896 2696 est,

183 2707 278 2772 Creusa
293 2714 418 2792 peperit.
449 2709 558 2789 placuit
573 2711 630 2773 linc
645 2729 759 2789 poenae
774 2730 868 2790 genus

182 2798 331 2876 meritoque
347 2796 472 2874 placuit:
495 2795 646 2866 ultimum,
662 2814 806 2873 agnosce,
825 2797 949 2859 scelus

183 2882 266 2941 anime
280 2882 444 2959 parandum
461 2889 513 2942 est.
543 2879 631 2941 liberi
646 2882 795 2960 quondam
813 2884 871 2943 mei

182 2980 225 3025 uns
239 2984 291 3043 pro
307 2968 439 3045 paternis
448 2965 619 3027 ‘sceleribus
635 2984 745 3044 peenas
761 2968 836 3029 date.
854 3002 896 3010 —

182 3091 371 3104 ᾖ*

238 3154 284 3204 906
302 3150 420 3220 csseleba
435 3154 463 3215 (a
475 3152 593 3219 eracli)
605 3151 617 3220 {l
630 3169 663 3218 qu
663 3150 762 3221 flere(
765 3169 781 3203 e
794 3152 872 3217 erac.)
885 3153 910 3203 Ε
929 3151 1086 3218 pllenerum

183 3215 203 3278 (e
218 3219 294 3287 erae)
313 3222 345 3287 Ε
367 3218 379 3289 ΙΙ
407 3224 457 3273 907
475 3222 577 3272 haustu
596 3226 712 3272 citatum
733 3222 755 3270 Ε
781 3221 856 3271 haud
873 3222 1007 3272 usitatum
1026 3222 1050 3271 A
1072 3223 1085 3287 ΙΙ

182 3286 221 3338 909
237 3306 338 3355 pernae
359 3292 382 3340 A
402 3305 488 3354 purae
506 3287 547 3357 El
571 3292 620 3341 912
640 3290 730 3341 adhue
750 3294 792 3340 est
809 3290 834 3339 Ε
854 3294 896 3339 est
915 3290 1005 3340 adhue
1025 3290 1048 3339 A
1070 3291 1082 3355 Η

182 3355 222 3406 tlt
236 3356 349 3424 unisse(
340 3358 369 3423 (a
386 3358 488 3419 erae
463 3358 531 3419 ⁹
506 3355 560 3424 Ι
576 3360 626 3409 915
643 3359 778 3423 praelusit
797 3358 821 3407 A
840 3358 960 3423 prolusit
978 3372 991 3409 ε
1008 3354 1019 3425 ΙΙ
1037 3360 1087 3409 920

183 3464 245 3510 crtus
260 3461 285 3511 Ε
307 3458 320 3527 ss
342 3463 391 3511 em
410 3423 514 3512 exitum
535 3461 557 3509 Ε
580 3457 584 3527 Ι
619 3463 669 3512 ent
687 3464 803 3511 laeenam
819 3462 900 3511 statui
916 3476 969 3511 cum
987 3460 1051 3511 ll..P
1072 3461 1085 3525 ΙΙ

183 3526 222 3577 999
236 3528 341 3592 aliquot
359 3546 379 3579 α
400 3530 511 3610 aliquos
528 3527 587 3594 ψεΙ
612 3532 663 3579 930
681 3530 785 3593 pepirit
803 3528 828 3577 E
845 3524 857 3594 ΙΙ
874 3529 922 3579 931
941 3543 1041 3594 magne
1060 3529 1085 3577 A

183 3608 287 3658 agnosce
305 3598 331 3647 Ε
342 3594 353 3662 ΙΙ
370 3600 420 3649 932
440 3598 530 3649 animo
549 3597 591 3647 Αε
609 3598 700 3647 anime
719 3599 750 3650 ei
772 3597 849 3647 (lion.
862 3593 874 3663 ΙΙ
890 3596 1042 3662 parendum
1061 3596 1086 3645 Ε

183 3665 317 3724 perandum
336 3666 361 3715 A
381 3666 543 3730 patrandum
562 3670 593 3715 ei.
615 3666 693 3715 Gron.
719 3662 730 3730 ΙΙ
