2750 4250
287 289 330 352 60
567 302 598 349 n.
616 275 750 350 inuam
767 303 924 350 sennenn

289 461 343 503 nes
358 461 478 522 queque
492 450 664 510 tremamus.
681 460 806 520 quaere:
822 445 881 502 iarn
898 449 996 502 nostra
1012 442 1086 504 subit

289 547 306 588 e
321 528 412 607 stirpe
427 526 514 588 turba
531 545 606 605 quae
620 545 706 588 suum
723 529 823 588 uincat
838 545 932 606 genus

289 629 323 673 ae
340 632 387 672 me
402 614 590 673 innocentem
608 613 695 672 faeiat
710 619 739 673 et
755 613 856 694 inausa
872 612 987 674 audeat.

222 742 226 748 -
255 713 271 748 ο
331 697 464 774 Reginae
480 696 621 775 quiequid
637 698 715 774 inpia
732 696 909 764 cessationi.

290 781 451 862 cnnpiebn,
470 800 633 860 numquam
648 791 745 843 stante
761 781 884 862 pelopea
901 782 992 843 darno

288 868 384 927 Minos
400 867 526 929 uaeabit.

289 965 368 1012 nvn.
573 969 663 1030 perge
680 950 861 1012 detestabilis

290 1036 395 1097 umbra
412 1045 441 1095 et
456 1045 578 1114 penates
592 1037 691 1112 inpius
712 1035 824 1097 iuriis
845 1053 909 1115 age.

255 1154 270 1188 e
333 1121 469 1181 Certetnr
484 1122 565 1180 omni
580 1119 695 1181 sceiere
717 1129 746 1179 et
761 1120 872 1182 alterna
889 1123 953 1182 uiee

291 1208 453 1283 stringatur
469 1206 556 1266 ensis.
589 1224 644 1266 nee
659 1207 697 1266 sit
712 1208 824 1268 irarum
841 1206 946 1267 modus

290 1290 441 1368 pudorue:
458 1297 573 1350 mentes
588 1309 695 1351 caecus
710 1292 829 1370 instiget
844 1291 926 1352 iuro
936 1311 964 1362 r,

289 1373 387 1436 rabies
402 1383 557 1452 parentum
574 1375 661 1436 duret
676 1385 705 1436 et
720 1375 841 1454 lengum
858 1376 940 1436 nefas

290 1466 337 1521 eat
351 1462 380 1520 in
396 1469 530 1538 nepotes.

255 1561 273 1611 b
569 1544 631 1605 Nee
647 1552 733 1606 uacet
748 1547 884 1626 cuiquam
901 1554 987 1607 uetus

291 1631 386 1691 odisse
403 1632 561 1690 crimen:
585 1648 704 1708 semper
720 1633 833 1691 oriatur
849 1650 959 1692 nouum
990 1631 993 1634 ’

290 1734 346 1776 nee
363 1734 454 1775 unum
470 1717 501 1775 in
516 1734 590 1783 uno,
608 1715 738 1794 dumque
753 1718 874 1793 punitur
890 1716 1029 1786 scelus,

269 1835 272 1838 ·
291 1806 415 1860 creseat.
439 1799 577 1878 superbis
592 1801 735 1860 iratribus
751 1819 863 1879 regna
881 1802 1016 1862 excidant

290 1892 465 1963 repetatque
481 1886 625 1964 profugos
646 1885 735 1946 dubia
751 1886 898 1946 uiolentae
913 1887 1018 1947 damus

291 1968 418 2032 fortuna.

249 2066 277 2124 b'
455 2055 551 2135 Reges
567 2056 644 2115 inter
662 2057 792 2117 incertos
808 2056 887 2117 labet

291 2142 397 2225 [miser
410 2160 451 2203 ex
460 2149 588 2219 potente
600 2146 672 2216 fiat,
690 2160 730 2203 ex
744 2147 853 2205 misero
862 2142 986 2224 potens]

289 2228 441 2305 fluctuque
456 2224 615 2303 regnum
631 2245 718 2287 casus
733 2227 856 2289 adsidue
873 2228 957 2289 ierat.

289 2313 327 2374 eb
350 2311 495 2374 seelera
517 2309 610 2389 pulsi,
635 2331 702 2372 curn
720 2311 800 2373 dabit
814 2316 938 2393 patriam
955 2314 1036 2381 deus,

289 2400 319 2458 in
341 2396 490 2459 seelera
511 2396 635 2458 redeant
656 2400 773 2476 sintque
789 2405 848 2458 tam
864 2399 952 2459 inuisi
968 2398 1115 2468 omuibus

290 2502 377 2562 quan]
394 2482 460 2543 sibi.
490 2481 561 2542 nihil
578 2483 616 2541 sit
631 2484 673 2543 ira
691 2482 768 2561 quod
785 2485 908 2545 uetitum
925 2491 1022 2565 putet:

256 2585 271 2619 ο
332 2568 501 2629 Fratrem
523 2576 700 2645 expaueseat
715 2567 850 2639 irater,
868 2576 897 2629 et
912 2576 1030 2646 gnatum
1047 2587 1157 2647 parens
1217 2580 1245 2628 tu

288 2661 453 2733 gnatusque
468 2660 600 2731 patrem,
618 2652 703 2713 liberi
719 2663 842 2731 pereant
857 2654 942 2724 male,

288 2742 373 2819 peius
387 2746 486 2800 tamen
503 2746 675 2808 nascantur,
693 2738 836 2800 inmineat
851 2740 916 2799 uiro
956 2807 960 2813 .

289 2828 393 2887 intesta
412 2826 556 2892 coniunx,
572 2822 650 2884 heila
665 2829 885 2901 transpontem
902 2824 1020 2885 nebant.

253 2904 277 2963 θ’
324 2912 442 2971 Effusas
457 2910 553 2969 omnis
568 2909 675 2986 inriget
691 2916 786 2969 terras
802 2928 892 2969 eruor

288 3014 437 3074 supraque
453 3012 577 3073 magnos
592 2995 723 3071 gentium
741 2993 851 3055 exultet
867 2995 957 3056 duces

289 3079 379 3140 libide
395 3081 511 3140 uictrix.
533 3080 612 3158 inpia
628 3086 763 3158 stuprum
780 3082 810 3139 in
827 3081 915 3157 ‹iunre¹

288 3163 472 3225 lenissimum
488 3167 535 3226 sit.
571 3166 707 3226 fratris
723 3172 752 3225 et
767 3166 810 3224 sas
827 3176 853 3225 et
870 3162 942 3226 fides

355 3407 387 3455 23
404 3404 452 3470 ΛΕ,
464 3406 489 3454 Α
507 3404 628 3455 FVRIA.
646 3404 672 3453 Ε
691 3401 739 3469 (rie
750 3421 799 3469 per
811 3412 888 3456 totam
899 3403 1027 3470 scaenam)
1045 3400 1057 3471 ss
1074 3407 1107 3455 26
1119 3406 1202 3455 strin-

287 3479 388 3539 gentur
407 3487 487 3523 enses
505 3474 530 3522 A
562 3474 717 3539 stringatur
735 3489 795 3524 esea
815 3474 839 3523 E
861 3473 920 3536 (str.
941 3474 1014 3523 ensis
1032 3472 1058 3521 Ε
1077 3480 1094 3521 t.
1106 3474 1163 3536 Gr.)
1180 3472 1191 3538 1!

285 3545 319 3594 33
341 3546 525 3608 repetantque
544 3541 653 3595 nter,
685 3546 892 3607 repetatqneqr
921 3539 932 3608 Η
961 3543 994 3593 35
1017 3542 1101 3591 delent
1129 3538 1140 3607 ss
1168 3544 1200 3593 36

286 3611 415 3676 luctuque
434 3610 459 3659 Ε
488 3609 500 3677 ΙΙ
