2750 4250
922 378 1288 427 mecvm-:s
1321 364 1707 450 [osussvs]
2102 367 2225 432 451

557 535 776 596 nempe
805 516 1040 580 Alcides
1070 518 1339 581 mortalis
1369 519 1496 580 obit

560 619 777 679 nempe
809 602 1098 684 sepultus,
1160 606 1436 683 quotiens
1466 604 1597 667 telis

557 686 910 766 facibusque
943 689 1058 749 mis
1088 688 1187 749 ille
1217 692 1507 769 pepercit.

554 774 829 852 quotiens
859 774 1014 852 ignis
1043 774 1415 854 spargendus
1447 785 1595 836 erat.

551 858 611 917 in
642 877 741 919 me
772 856 980 920 saltem
1012 858 1272 921 iaculare
1304 859 1493 921 facem

554 941 950 1021 Semelenque
983 955 1140 1023 puta.

637 1112 840 1174 Iamne
872 1113 1148 1194 elysias
1178 1133 1213 1173 ο
1245 1125 1381 1175 nate
1413 1115 1700 1186 domm,

484 1243 493 1246 -
554 1198 668 1257 iam
704 1197 841 1258 litus
873 1197 1094 1261 habes?

553 1282 624 1343 ad
658 1301 810 1362 quos
839 1282 1090 1364 populos
1125 1317 1408 1332 ·····
1443 1321 1525 1330 —
1916 1299 1959 1341 F.
1992 1300 2156 1342 eLxm

553 1377 761 1429 natura
795 1368 1003 1428 uocat?

552 1469 627 1513 an
659 1460 795 1531 post
825 1463 1061 1534 raptum
1095 1454 1234 1534 Styx
1269 1464 1393 1517 atra
1427 1473 1632 1517 canem

555 1569 838 1584 ·····
872 1572 955 1584 —·
986 1540 1306 1619 praeclusit
1333 1543 1448 1600 iter

552 1631 726 1702 teque
755 1624 818 1683 in
849 1625 1041 1702 primo
1071 1623 1273 1707 limine
1306 1625 1453 1687 Ditis

552 1708 664 1767 fata
701 1710 1050 1770 morantur?

632 1877 774 1949 Quis
805 1896 963 1939 nunc
994 1879 1295 1941 umbras
1325 1889 1464 1942 nate
1494 1880 1781 1943 tumultus

548 1980 927 2042 manesque
957 1965 1158 2025 tenet?

549 2047 700 2127 fugit
730 2047 984 2109 abducta
1017 2051 1214 2110 nauita
1247 2050 1459 2112 cumba

548 2142 604 2194 et
635 2132 943 2195 Centauris
975 2134 1230 2197 thessala
1262 2139 1441 2197 motis

548 2220 682 2280 ferit
714 2222 996 2280 attonitos
1027 2221 1247 2298 ungula
1280 2240 1488 2283 manes

548 2322 888 2382 anguesque
920 2323 1060 2367 suos

547 2388 729 2469 hydra
762 2389 874 2451 sub
908 2390 1095 2451 undas
1125 2392 1329 2452 territa
1364 2394 1572 2453 mersit

545 2484 722 2554 teque
752 2473 988 2537 labores
1020 2495 1054 2535 o
1087 2484 1223 2537 nate
1255 2477 1548 2538 timent?

629 2643 830 2706 Pallor
863 2644 1034 2706 fallor
1064 2664 1317 2707 uaesana
1350 2646 1554 2709 furens

542 2739 745 2791 necte
778 2749 1026 2818 manes
1056 2732 1514 2810 umbraeque
1545 2734 1839 2794 timent:

545 2832 664 2874 non
696 2814 958 2894 argolico
989 2825 1156 2894 rapta
1191 2815 1344 2876 leoni

507 3038 639 3087 1917
677 3036 930 3087 mortalis
966 3052 1017 3088 0.
1056 3052 1108 3087 n.
1150 3036 1404 3102 sepultus
1439 3038 1566 3088 haec
1602 3053 1693 3088 om.
1728 3054 1764 3103 9
1798 3034 1822 3104 Η
1856 3037 1978 3088 abit
2012 3038 2063 3087 E
2100 3038 2219 3090 obit

363 3106 412 3156 A
453 3100 480 3171 ΙΙ
528 3106 662 3155 1918
698 3105 915 3154 totiens
956 3104 1060 3155 GR.
1085 3100 1110 3171 ss
1132 3105 1318 3154 stellis
1355 3105 1407 3154 E
1443 3106 1571 3157 telis
1606 3107 1657 3156 A
1696 3108 1959 3170 quociens
1996 3106 2161 3157 tellus
2201 3109 2210 3170 Ι

362 3173 576 3238 Nempe
617 3171 828 3223 alcides
863 3170 1056 3223 moflis
1092 3172 1212 3224 obit
1243 3169 1483 3240 9111922
1519 3178 1673 3223 tuam
1709 3173 1760 3222 E
1796 3178 1933 3240 puta
1960 3176 2006 3224 Α
2033 3171 2217 3242 111925

364 3242 444 3291 At
481 3239 631 3306 quod
670 3240 830 3305 (quos
867 3249 903 3291 t.
935 3241 1085 3291 NHs.
1112 3248 1165 3291 et
1187 3243 1265 3290 sic
1284 3242 1341 3306 9)
1381 3241 1610 3307 populos
1642 3239 1651 3302 Ι
1682 3243 1766 3292 An
1792 3248 1921 3307 post
1946 3248 2163 3308 raptum
2205 3246 2214 3307 Ι

362 3342 584 3392 Natura.
620 3346 816 3392 uacat
865 3340 876 3407 1
930 3341 1067 3405 Styx
1105 3318 1203 3393 atra
1239 3344 1290 3402 (r
1322 3360 1408 3407 pr.
1448 3342 1533 3405 m.)
1582 3358 1777 3393 canem
1815 3343 2021 3409 §clusit
2054 3345 2165 3395 iter
2202 3346 2213 3407 Ι

364 3410 558 3475 Teque
583 3416 682 3460 ete.
721 3410 771 3458 E
807 3410 928 3460 lam
963 3410 999 3460 l.
1039 3410 1113 3473 h.,
1155 3409 1224 3461 ad
1263 3410 1408 3474 quod
1444 3411 1673 3477 populos
1703 3411 1712 3472 Ι
1744 3412 1960 3463 Natura
1995 3416 2214 3463 uocat?

368 3493 438 3528 an
474 3482 607 3543 post
641 3481 861 3542 raptum
892 3481 902 3537 Ι
933 3477 1068 3542 Styx
1105 3485 1232 3529 atra
1268 3493 1467 3528 canem
1504 3479 1812 3544 praeclusit
1845 3481 1954 3530 iter
1983 3478 1993 3547 Ι
2024 3480 2215 3546 Teque

366 3554 463 3599 ete.
502 3546 554 3595 A
601 3540 628 3611 ΙΙ
674 3548 775 3596 duo
810 3548 1054 3612 strophae
1093 3539 1143 3596 d'
1180 3547 1497 3597 hemistichia
1532 3549 1771 3597 uidentur
1816 3549 2141 3599 intercidisse
2183 3549 2208 3611 ΙΙ

369 3616 499 3666 1937
553 3614 652 3664 sub
702 3614 881 3663 undas
923 3614 975 3663 E
1001 3624 1049 3679 ψ
1111 3616 1212 3665 sub
1257 3614 1440 3665 undis
1478 3630 1517 3663 α
1573 3609 1597 3679 ΙΙ
1658 3617 1792 3666 1939
1835 3615 2028 3665 Fallet
2060 3620 2216 3664 seme?

368 3681 415 3731 Ε
438 3677 465 3749 ss
486 3682 683 3733 furens
722 3681 771 3730 Ε
807 3681 1010 3747 parens
1048 3684 1097 3732 A
1124 3679 1306 3749 111940
1339 3686 1537 3737 tenent
1573 3682 1622 3732 Ε
1659 3684 1857 3733 timent
1891 3684 1942 3733 A
1989 3680 2012 3749 Ι]

1666 3763 1804 3827 29*

2265 793 2397 841 1920

2264 1301 2395 1350 1925

2262 1725 2392 1774 1930

2249 2236 2381 2285 1935

2254 2743 2387 2793 1940
