2750 4250
507 363 708 413 PRAEFATIO
954 367 1081 416 xxxvn

144 525 192 580 cias
212 539 299 580 amen.
325 525 428 598 scripte
448 541 479 581 ac
500 524 634 599 complete
654 539 706 598 per
726 539 822 581 manus
842 525 985 583 lobannis.
1016 528 1081 584 Ten.

142 607 232 664 Norde.
246 608 281 664 de
294 608 479 666 bectinchem.
496 608 592 666 Clerici
609 608 752 682 Traiecteij
767 610 834 666 diet
871 610 927 667 Sub
946 628 1018 668 anuo
1033 612 1082 670 do·

143 693 200 749 mici
214 710 251 749 u·
260 699 431 772 cccc⁰vruJ
448 694 608 752 diedecima
622 711 696 751 nona
706 696 808 751 mensis
818 695 958 768 ianuarii&
980 696 1080 771 l'ragg.

143 779 202 834 ordo
217 778 326 834 solitus.
356 779 524 854 Argumenta
538 779 655 854 singulis
672 787 762 854 tragg.
778 781 933 854 praemissi.
951 810 988 822 -
1004 782 1082 838 diter

143 856 200 936 (T2)
215 880 288 920 saec.
302 880 346 922 xv
362 866 511 938 uergentis.
540 865 618 921 deest
633 863 680 920 iol.
699 864 883 939 lucipert.
899 881 927 922 u.
945 866 985 923 66
1007 866 1081 923 orto

143 949 243 1022 paulum
264 950 417 1007 inmutatus
444 948 562 1023 (Edypus
583 949 704 1024 ypolitus
726 948 839 1022 trohas).
867 980 904 992 -·
933 950 1082 1025 Vtriusque

144 1034 245 1105 primam
262 1032 381 1090 fabulam
397 1033 617 1108 Woileuhergius
633 1034 751 1091 contulit
766 1051 828 1092 cum
843 1035 885 1092 ed.
902 1025 1037 1110 Thysia'na
1054 1045 1082 1092 et

143 1119 222 1174 uarias
236 1118 373 1176 lectiones
389 1117 491 1193 publici
510 1121 578 1176 iuris
593 1119 659 1177 lecit
673 1120 701 1176 Z.
717 1119 736 1175 i.
753 1120 783 1176 G.
799 1137 842 1179 xv
856 1139 884 1195 p.
902 1119 1080 1179 leo-194.

143 1201 203 1260 nlius
218 1203 342 1260 eiusdem
358 1203 538 1261 bibliothecae
553 1203 622 1284 liber
636 1221 709 1262 saec.
724 1221 766 1263 xv
781 1205 851 1262 med.
866 1214 978 1280 praeter
991 1204 1081 1280 philo·

143 1287 243 1362 sophica
264 1305 350 1363 opera
366 1288 486 1346 Senecae
505 1299 663 1363 argumenta
685 1291 888 1362 tragoediarum
910 1298 1022 1347 auctore
1037 1290 1082 1346 ht-

144 1373 240 1429 bertino
257 1373 366 1430 blusato
383 1375 513 1431 continet.

95 1492 114 1548 P
195 1489 444 1552 Pulauisnsis
473 1511 494 1550 s.
524 1486 803 1552 Var'eouisnsis
834 1494 947 1552 membr.
977 1494 1082 1552 formae

143 1585 252 1649 quartae.
284 1584 413 1650 exaratus
430 1579 556 1635 Patauiae
579 1596 602 1635 a.
626 1578 708 1636 1396
729 1578 855 1636 conlatus
876 1597 892 1634 a
913 1579 1082 1638 Groddeclrio

143 1659 193 1716 Ser.
206 1663 325 1737 Principr
341 1662 531 1737 Czartorinsly
544 1661 729 1720 bibliothecae
744 1665 884 1737 praelecto
898 1672 995 1738 postea
1010 1665 1081 1739 proi.

144 1744 252 1804 Vilnensi
268 1765 333 1804 cum
349 1747 391 1804 ed.
403 1747 484 1804 Gron.
500 1764 512 1803 1
528 1749 576 1822 qui
592 1749 683 1805 uarias
699 1750 727 1805 in
739 1749 815 1805 llere.
831 1765 843 1804 1
858 1748 992 1808 lectiones
1007 1749 1082 1806 ioras

144 1830 206 1886 dedit
225 1834 252 1888 in
274 1833 392 1888 Heereni
412 1831 564 1890 Bibliotheir
589 1833 638 1890 der
659 1833 733 1890 alten
752 1832 783 1890 l..
805 1851 832 1890 n.
854 1831 889 1888 ll.
911 1833 1009 1898 1793,
1032 1835 1083 1893 10.

143 1914 315 1974 blemorabilis
336 1924 379 1974 est
398 1917 579 1992 subscriptio:
604 1917 699 1974 ‘Lucii
720 1919 806 1975 Annei
828 1918 930 1975 Seneca
952 1918 1082 1976 hercules

145 1999 250 2058 bheteus
274 2002 397 2076 tragedia
423 2003 526 2060 decima
546 2003 628 2059 simul
649 2019 680 2060 ac
704 2011 778 2059 totus
799 2003 991 2078 Tragediarum
1012 2004 1082 2062 liber

144 2082 181 2141 hic
194 2085 273 2143 linem
289 2085 371 2144 habet
386 2087 430 2144 dei
451 2085 499 2163 gri
514 2105 595 2165 quem
610 2089 708 2164 scripsi
729 2105 782 2163 ego
798 2089 932 2164 Georgius
948 2088 1019 2147 iilius
1034 2087 1082 2145 lin‘r

145 2168 209 2227 Pauli
222 2172 301 2246 Regii
324 2172 421 2229 militis
443 2174 476 2230 de
494 2172 619 2247 Georgiis
641 2174 674 2230 de
690 2174 770 2231 iadra
791 2183 819 2230 et
841 2175 976 2250 compleui
991 2175 1083 2231 Padue

146 2253 180 2310 die
204 2274 256 2316 xv1
284 2259 388 2315 mensis
410 2258 535 2316 Octobris
561 2260 626 2315 hora
649 2278 692 2317 xx
719 2260 863 2315 millesimo
890 2262 1081 2316 trecentesimo

146 2344 312 2415 nonagesimo
329 2350 407 2399 sexto
429 2350 461 2400 et
476 2342 580 2401 habui
602 2344 816 2418 exemplaria
832 2362 847 2401 a
862 2342 1014 2400 Venerabili
1029 2343 1082 2399 No·

147 2421 232 2483 bilibus
253 2434 281 2483 et
302 2426 471 2503 sapientibus
493 2430 562 2485 uiris
584 2426 645 2484 diris
665 2430 748 2485 Petro
769 2429 802 2485 de
822 2428 925 2486 hahata
946 2428 1082 2485 Canonico

147 2508 257 2569 Paduano
280 2512 385 2569 lobene
405 2512 506 2569 belline
533 2514 566 2570 de
586 2514 709 2575 Venetiis
729 2514 849 2570 Zenouio
871 2514 904 2570 de
925 2513 1081 2570 dationibus

147 2593 172 2648 de
185 2595 314 2653 Vicenzia.
337 2596 435 2671 quibus
452 2606 479 2654 et
495 2598 621 2655 omnibns
644 2600 671 2655 in
687 2598 741 2655 hoc
761 2599 832 2655 libro
856 2598 1030 2655 studentibus
1050 2615 1082 2655 ac

148 2679 215 2736 michi
236 2682 341 2739 Cristus
363 2681 541 2757 Omnipotens
567 2683 697 2757 dignetur
717 2682 837 2758 Spiritus
862 2684 938 2741 Sacri
965 2684 1080 2757 gratiam

148 2762 318 2823 habundanter
338 2766 433 2840 largiri
450 2769 492 2823 cui
509 2768 620 2824 sitlans
637 2776 702 2825 ets.
721 2768 761 2843 p.'
784 2798 820 2810 -
843 2769 879 2825 bc
899 2766 1081 2825 bibliothecae

148 2844 300 2908 Pulauiensis
315 2851 381 2907 latis
397 2869 421 2910 n.
438 2852 586 2927 Serapeum
600 2869 634 2912 vr
650 2870 675 2927 p.
693 2853 733 2911 48
749 2871 783 2910 xr
798 2871 824 2928 p.
841 2852 912 2909 333.

198 2968 336 3027 Praeterea
365 2970 397 3027 ad
427 2971 622 3029 restituendam
651 2972 793 3046 uolgarem
819 2971 1007 3027 recensionem
1037 2972 1080 3027 usi

149 3065 225 3110 sumus

107 3146 139 3199 ‘it
198 3153 370 3215 editione
391 3154 528 3215 aldins
549 3174 704 3217 a.u1>xv11
725 3157 759 3214 ab
779 3156 946 3231 hieronymo
960 3158 1080 3214 duantio

151 3248 232 3295 curata.
273 3242 323 3312 Qui
349 3242 477 3317 quonium
500 3250 573 3301 tanta
596 3260 656 3301 cnm
676 3243 819 3317 diligentia
841 3251 869 3299 et
889 3258 957 3299 sano
979 3243 1079 3301 iudicio

151 3320 239 3381 adiutus
259 3327 434 3402 conplurium
450 3328 574 3385 codicum
595 3346 660 3387 mss.
683 3327 783 3384 anxilio
799 3326 837 3400 (u.
853 3326 934 3400 inira)
957 3329 984 3384 in
1002 3337 1077 3385 tertn
1097 3364 1099 3367 >

154 3411 322 3469 constituendo
345 3420 472 3470 uersatus
494 3421 550 3475 est,
573 3422 604 3469 nt
619 3415 809 3472 recensionem
830 3413 952 3471 eiiecerit
973 3413 1080 3487 uolgari

153 3490 306 3560 simillimam,
330 3497 460 3555 editionis
482 3497 619 3554 aidinae
633 3499 840 3568 lectionem,
861 3499 909 3556 ubi
925 3514 987 3554 cum
1002 3498 1080 3554 libris

153 3575 287 3647 uolgaribus
309 3582 354 3639 uel
371 3582 498 3639 omnihus
520 3582 564 3639 uei
580 3583 706 3657 pluribus
727 3582 773 3638 uei
787 3600 842 3640 uno
864 3592 893 3640 et
907 3582 995 3639 altero
1011 3598 1078 3639 oon·

152 3663 251 3728 sentiret,
265 3684 327 3741 pro
342 3666 500 3725 lectione
516 3667 658 3742 uolgata
675 3667 722 3740 (Α)
737 3668 868 3731 dedimus,
885 3669 922 3724 ita
939 3675 1028 3723 tamen
1043 3676 1076 3722 nt
