2750 4250
285 390 327 453 20
565 401 596 448 n.
612 399 920 448 nnnnnrsnnncnn

247 578 273 610 m
329 555 405 603 Luc.
435 541 594 602 Animosne
609 557 724 602 mersus
739 538 880 600 inieris
895 540 1024 600 coniunx
1037 538 1126 599 taciti

288 641 370 690 mnu.
400 627 457 687 ini
460 643 549 687 erna
563 627 668 702 tetigit.
685 633 785 704 posset
799 633 833 686 ut
846 642 955 704 supera
971 624 1103 704 adsequi.

287 727 363 774 Luc.
393 711 507 772 teiinris
522 709 604 771 iilum
620 710 736 790 pondus
750 711 903 770 inmensae
919 711 1066 787 premit.

286 812 371 859 Mun.
400 795 481 858 nulio
498 803 692 874 premetur
707 812 798 856 onere
814 796 864 874 qui
879 793 995 856 caelum
1010 793 1087 856 tulit.
1285 865 1287 869 .

245 890 279 948 m'
332 895 407 944 nuo.
439 882 590 958 Cogere.
1212 878 1268 925 430·

291 981 374 1029 mnu.
573 969 576 976 ’
624 965 710 1042 cogi
724 966 776 1043 qui
791 971 897 1042 potest,
913 967 1008 1026 nescit
1022 965 1110 1026 mori.

287 1065 364 1112 nro.
394 1051 484 1111 otiare
499 1049 639 1110 thalamis
649 1050 729 1128 quod
745 1051 830 1110 nouis
846 1052 945 1129 potius
959 1068 1064 1130 parem

286 1136 384 1215 regaie
400 1135 523 1196 munus?
930 1171 934 1174 -

286 1235 372 1284 mnu.
536 1227 587 1280 aut
601 1228 681 1280 tuam
697 1229 824 1280 mortem
839 1226 890 1280 ant
904 1238 1012 1281 meam.

285 1320 362 1367 nro.
386 1307 514 1367 moriere
529 1305 666 1366 demensi

248 1429 253 1438 ·
286 1387 376 1453 matu
672 1392 791 1467 coniugi
806 1407 962 1452 occurram
978 1408 1057 1450 meo.

246 1491 272 1524 ¹1¹
326 1487 402 1536 mc,
426 1476 610 1554 Sceptroqne
625 1481 729 1535 nostro
746 1475 759 1534 i
764 1474 907 1535 amuius
923 1481 967 1535 est
982 1476 1081 1554 potior
1098 1473 1168 1534 tibi?

285 1575 368 1622 ndu.
394 1573 465 1638 quot
479 1563 534 1621 iste
551 1559 712 1630 famulus
726 1560 848 1621 tradidit
862 1578 950 1638 reges
965 1561 1042 1622 neni.
1214 1572 1251 1620 435

193 1653 196 1658 '
284 1659 360 1707 ure.
385 1663 439 1706 cur
454 1663 526 1722 ergo
542 1645 606 1720 regi
621 1645 714 1705 seruit
729 1653 760 1705 et
774 1646 882 1724 patitur
898 1645 1018 1723 iugum?

284 1744 367 1794 nitu.
397 1731 521 1809 imperia
538 1729 611 1790 dura
627 1729 707 1800 tolie,
723 1730 794 1808 quid
809 1731 933 1790 uirtus
949 1730 1023 1791 erit?

241 1822 275 1880 m'
328 1827 404 1877 nuc.
429 1813 512 1876 Obici
528 1815 598 1875 ieris
614 1817 811 1895 monstrisque
826 1815 1004 1876 uirtutem
1020 1815 1128 1892 putas?

283 1915 367 1962 Muta.
392 1901 510 1960 uirtutis
526 1907 570 1960 est
585 1899 707 1961 domare
722 1919 796 1979 quae
812 1902 910 1960 cuncti
925 1909 1044 1978 pauent,

283 1999 359 2046 nrc.
384 1984 524 2045 tenebrae
540 1983 709 2065 loquentem
725 2001 832 2061 magna
848 1992 994 2047 tartareae
1009 1992 1162 2064 premunt.
1213 1999 1252 2046 tu)

283 2083 367 2132 rano.
392 2087 451 2130 non
468 2070 563 2131 estad
578 2079 656 2133 astra
672 2069 768 2133 moiiis
784 2090 800 2131 e
815 2073 903 2133 terris
918 2074 977 2133 uia.
1170 2078 1172 2080 ’

249 2300 267 2333 n
326 2288 404 2336 nuc.
429 2273 505 2344 Quo
520 2282 625 2354 patre
641 2276 758 2351 genitus
774 2274 909 2336 oaeiitum
925 2282 1024 2353 sperat
1040 2260 1167 2337 domos?

283 2373 391 2421 AMPH.
416 2360 583 2421 miseranda
599 2361 729 2419 coniunx
745 2360 879 2420 Herculis
897 2360 995 2438 magni
1010 2360 1073 2421 siie.

283 2454 382 2523 partes
398 2464 481 2528 meae
497 2453 565 2505 sunt
580 2444 707 2505 reddere
722 2444 840 2506 Alcidae
856 2451 971 2523 patrem

282 2547 435 2610 genusque
451 2548 564 2591 nerum.
595 2537 678 2607 post
695 2538 738 2590 tot
753 2530 878 2608 ingentis
895 2532 952 2591 uiri

283 2614 474 2690 memoranda
490 2617 565 2675 iacta
580 2622 729 2694 postque
744 2622 881 2693 paratum
898 2633 990 2691 manq

282 2702 491 2779 quodcumque
506 2701 593 2761 Titan
609 2706 692 2761 ortus
708 2707 736 2761 et
752 2698 855 2761 labens
871 2700 966 2761 uidet:

243 2785 269 2845 n'
324 2788 410 2848 Post
425 2792 557 2847 monstra
573 2793 615 2845 tot
630 2785 806 2862 perdomita,
823 2793 905 2862 post
919 2784 1077 2861 Phlegram
1093 2786 1179 2865 inpio
1285 2791 1287 2852 i

281 2891 412 2953 sparsam
430 2889 537 2933 eruore
553 2876 701 2949 postque
717 2870 854 2931 deiensos
870 2870 943 2931 deos
1285 2885 1287 2902 ¹

282 3028 439 3033 --ψ
444 3022 484 3032 ..ι-

349 3128 398 3175 426
423 3126 501 3175 debit
522 3127 546 3175 V
579 3121 591 3190 Η
625 3126 676 3174 427
698 3140 817 3189 superna
835 3123 895 3187 E³m
929 3122 1148 3189 supereE'qrA
1179 3123 1193 3193 Η

279 3196 330 3245 429
349 3198 518 3259 premeretur
538 3191 571 3243 Ε1
600 3190 612 3260 Η
641 3195 692 3244 434
714 3197 878 3257 sceptroque
897 3190 1017 3257 E¹VAqu
1046 3198 1160 3258 seeptro
1174 3194 1202 3261 ἧς

281 3262 346 3325 E²u
375 3267 520 3327 seeptrone
538 3278 573 3311 ear
591 3278 621 3311 m.
639 3278 660 3311 s.
679 3263 795 3325 reposuit
813 3262 915 3311 Detrurs
943 3256 956 3327 Η
984 3261 1076 3326 potior
1095 3267 1138 3311 est
1158 3262 1201 3313 in-

280 3330 370 3380 mulus
388 3332 439 3381 tibi
457 3331 482 3380 A
507 3330 573 3379 fem.
594 3334 636 3379 est
655 3335 710 3395 pot.
730 3334 748 3381 t.
767 3330 824 3379 EV
843 3325 857 3396 Η
883 3330 934 3381 435
953 3328 1024 3393 quod
1042 3327 1078 3377 El
1107 3326 1119 3396 Η
1149 3332 1201 3383 437

281 3398 353 3464 quod
371 3401 397 3449 in
416 3398 480 3464 quid
498 3414 567 3449 corr.
586 3396 622 3446 Ει
643 3393 654 3463 Η
683 3400 733 3449 439
751 3399 841 3447 uirtus
863 3399 910 3462 Vq
932 3391 1048 3461 uirtulls
1070 3397 1094 3447 T
1113 3399 1202 3449 uirtu-

280 3469 316 3517 tis
336 3467 375 3519 εΑ
400 3464 410 3535 Η
434 3471 532 3517 timent
548 3468 575 3517 V
583 3466 667 3519 Baaii.
681 3466 806 3531 mpffla
830 3466 928 3515 timent
946 3469 1050 3531 pauent
1068 3466 1131 3515 nn
1150 3484 1201 3531 pa-

279 3540 372 3587 nente
389 3552 470 3603 supra
490 3550 589 3587 uersum
605 3550 658 3584 reo.
676 3551 707 3585 m.
721 3535 783 3586 odd.
796 3534 859 3583 1³13
882 3530 894 3599 Η
922 3536 972 3584 442
991 3538 1086 3597 sperat
1102 3534 1202 3587 EVM}

278 3610 407 3671 penetret
424 3606 449 3655 Α
484 3600 495 3672 Η
524 3604 575 3655 444
598 3618 677 3652 meae
696 3602 748 3651 hee
764 3606 828 3650 sunt
846 3602 871 3650 A
895 3602 949 3653 hee
967 3600 1077 3652 deertE
1105 3597 1117 3669 Η
1148 3606 1201 3656 448
1231 3629 1234 3636 ·

279 3678 407 3763 ρὶιΙεὲαιη
426 3690 450 3739 Ε
478 3686 489 3756 Η
518 3691 569 3740 449
587 3702 713 3752 sparsum
734 3688 782 3749 Vm
805 3682 818 3751 Η
