2750 4250
303 329 365 394 128
582 343 614 392 n
631 342 767 392 usuam
783 340 943 390 senecas

300 481 478 562 humilisque
492 499 630 544 socerum
645 480 703 542 lixa
719 480 921 544 dominantem
937 483 1065 561 sequarl

299 571 330 628 in
346 569 519 629 seruitutem
534 567 642 628 cadere
656 566 695 628 de
710 583 804 644 regno
819 582 912 642 graue
927 576 982 628 est

300 665 370 713 100.
393 654 418 714 si
432 669 525 730 regna
541 653 660 729 quaeris
674 669 731 712 uec
745 658 845 731 potest
859 659 980 731 sceptro
995 670 1098 714 manus

302 755 409 799 uacare
423 754 527 799 saeuo:
551 734 642 797 multa
657 754 734 814 quae
749 736 864 815 possint
877 737 939 814 peti

300 823 331 882 in
347 821 420 883 orbe
435 828 506 892 toto,
523 819 671 900 quaelibet
685 819 773 882 tellus
787 819 877 882 dabit.

272 918 290 968 h
345 905 436 968 Hinc
452 913 520 967 nota
535 905 653 968 Baccho
668 903 791 967 Tmolus
806 903 913 966 attollit
927 905 1005 984 iuga,

302 1009 359 1070 qua
374 990 432 1052 lata
448 993 536 1052 terris
550 991 641 1069 spatia
658 989 809 1068 frugiferis
824 992 922 1052 iacent

301 1085 403 1156 etqua
417 1077 539 1138 trahens
553 1075 693 1155 opulenta
708 1075 845 1138 Pactolus
861 1075 938 1137 uada

301 1160 426 1222 inundat
439 1178 513 1222 auro
528 1179 609 1221 rura.
641 1178 697 1221 nec
711 1159 796 1222 laetis
811 1161 909 1222 minus

301 1244 478 1306 Maeandros
491 1246 572 1307 aruis
585 1244 676 1306 licetit
692 1252 827 1326 errantes
842 1263 934 1323 aquas

301 1328 482 1410 rapidusque
497 1347 618 1408 campos
633 1328 745 1392 lertiles
760 1329 889 1392 Hermus
904 1337 995 1392 secat.

263 1416 290 1473 h'
344 1413 439 1474 ilinc
453 1424 536 1493 grata
552 1415 653 1475 Cereri
668 1414 802 1493 Gargara
820 1422 850 1474 et
864 1414 948 1476 diues
962 1413 1058 1478 solum

301 1499 380 1579 qnod
396 1499 531 1562 Xanthus
544 1497 639 1560 ambit
653 1499 773 1562 niuibus
788 1499 882 1561 idaeis
897 1509 1031 1570 tumens,

301 1585 371 1647 lrinc
387 1602 444 1663 qua
460 1582 601 1663 relinquit
614 1601 724 1645 nomen
740 1585 809 1646 ionii
825 1586 916 1646 maris

301 1670 461 1748 faucesque
474 1667 577 1748 Abydo
593 1667 695 1730 Sestos
710 1669 845 1748 opposita
861 1671 977 1747 premit,

301 1764 353 1816 aut
367 1773 443 1835 quac
456 1753 534 1816 latus
547 1754 605 1814 iam
620 1755 744 1832 propior
760 1755 869 1816 orienti
884 1754 965 1816 dedit

303 1847 455 1919 tutamque
469 1838 584 1899 crebris
598 1837 734 1916 portibus
750 1838 867 1918 Lyciam
883 1839 988 1900 uidete

266 1938 290 1988 1⁰
357 1923 437 1985 llaec
451 1940 542 2000 regua
558 1923 639 1984 lerro
654 1941 775 2003 quaere,
791 1925 822 1984 in
839 1923 894 1984 bos
909 1921 1035 2002 populos
1050 1923 1123 1986 lsrat

301 2026 388 2070 socer
403 2026 485 2070 arma
499 2008 593 2078 lortis,
609 2007 664 2068 bas
679 2017 729 2069 tuo
744 2015 862 2088 sceptro
879 2016 964 2085 paret

301 2093 457 2172 tradatque
472 2100 586 2171 gentes.
615 2091 674 2155 boc
688 2092 786 2155 adhuc
801 2109 927 2171 regnum
944 2100 1015 2171 puta

301 2188 405 2240 tenere
419 2187 544 2258 patrem.
574 2178 679 2241 melius
696 2178 816 2240 exilium
832 2188 877 2239 est
893 2178 946 2239 tibi

301 2283 389 2345 quam
404 2263 518 2325 reditus
532 2266 600 2325 iste:
617 2264 742 2325 erimine
757 2262 852 2324 alieno
869 2262 979 2333 exulas,

301 2358 353 2410 tuo
369 2348 490 2410 redibis.
521 2346 627 2409 melius
640 2348 704 2408 istis
719 2347 833 2409 uiribus

302 2452 379 2495 noua
394 2450 487 2510 regna
503 2431 584 2493 nullo
598 2431 713 2505 scelere
728 2432 874 2495 maculata
889 2443 1020 2513 appetas.

270 2533 290 2585 h
345 2517 422 2589 Quin
437 2519 499 2596 ipse
514 2518 606 2587 lrater
621 2535 704 2579 arma
721 2519 878 2580 comitatus
892 2526 941 2579 tua

301 2604 355 2664 tibi
368 2602 516 2665 militabit
546 2603 622 2664 uadc
638 2609 667 2663 et
680 2601 710 2663 id
726 2601 837 2665 bellum
853 2619 924 2681 gere

301 2691 330 2750 in
347 2706 406 2768 quo
420 2698 505 2767 paler
519 2695 673 2766 materque
688 2691 832 2766 pugnanti
846 2686 899 2747 tibi

301 2775 405 2836 lauere
420 2776 542 2853 possint
571 2790 663 2850 regua
679 2790 747 2833 cum
763 2771 876 2833 scelere
891 2769 1029 2835 omnibus

301 2869 372 2921 sunt
386 2859 469 2921 erilis
483 2859 632 2938 grauiora.
661 2874 742 2919 nunc
757 2856 826 2918 belli
841 2850 918 2919 mala

301 2961 436 3023 propone
451 2943 553 3005 dubias
568 2943 672 3003 martis
685 2943 792 3003 incerti
809 2943 899 3003 uices.

261 3030 289 3088 h'
345 3028 427 3089 Licet
441 3045 528 3089 omne
543 3036 642 3090 tecum
658 3026 800 3088 Graeciae
814 3026 908 3087 robur
922 3026 1025 3087 tralras

302 3111 371 3172 licet
385 3129 466 3172 arma
483 3110 570 3192 louge
585 3111 670 3173 miles
685 3128 720 3171 ac
736 3110 793 3173 late
809 3109 935 3189 explicet

369 3365 420 3415 240
436 3369 497 3416 tote
514 3367 539 3416 Ε
561 3364 574 3435 ss
596 3369 647 3419 245
663 3366 767 3417 hebrus
784 3383 806 3417 ω
823 3381 892 3417 corr
912 3366 990 3417 Groa.
1014 3360 1027 3432 ΙΙ
1049 3368 1099 3419 249
1116 3366 1204 3419 lances

303 3430 387 3493 *billi
405 3429 572 3500 (abydosp)
594 3440 685 3488 seston
707 3435 853 3501 oppositae
871 3434 897 3485 Α
931 3432 1086 3500 faucesque
1111 3430 1205 3496 abydos

301 3501 377 3548 eston
401 3502 528 3566 opposita
544 3500 610 3572 ΕΙ
603 3500 715 3639 griffi!
731 3518 787 3569 qua
805 3520 826 3555 to
856 3516 928 3567 quae
944 3502 1011 3555 R..P
1029 3499 1096 3567 (.sclt
1112 3500 1205 3552 Rauda

301 3563 360 3628 im)
389 3562 402 3633 [Ι
428 3570 590 3636 propiaret
641 3567 723 3639 021.ss
751 3574 802 3625 252
819 3570 874 3623 bre
893 3573 925 3621 ci.
939 3568 1018 3624 droa
1040 3569 1103 3621 hec
1118 3568 1166 3621 Bc
1186 3560 1196 3630 ΙΙ

301 3632 354 3681 nol
363 3642 443 3698 peret
454 3647 564 3706 sceptro
576 3642 662 3694 squ
679 3645 727 3691 tuo
740 3656 780 3692 so
792 3657 820 3706 p.
833 3639 858 3689 E
874 3634 886 3705 ΙΙ
906 3639 957 3690 25⁷
968 3638 1072 3689 ususA
1090 3626 1205 3694 mundi
