2750 4250
278 353 342 420 576
517 369 628 416 mnus
651 367 980 416 ouruoonsrnrcvs

311 491 468 542 slesA'108
496 492 587 541 uittose
603 504 654 554 pro
667 487 794 540 bistonio.
829 491 872 538 ins
885 516 916 526 -
929 503 974 538 eus
986 489 1119 554 pelopens
1133 488 1227 540 Mese

311 559 399 609 Τ227
433 557 685 624 ρεΙορίιιεΑΉθθ
720 557 1213 622 pelopuese=peiopiseT641—

275 629 292 676 2
309 628 415 676 uerbo.
450 626 484 676 Is
499 626 674 690 ooniuputiore
687 627 757 690 quod
772 625 950 675 obseruatione
968 627 1068 690 dipnunr
1081 633 1156 674 esset
1168 626 1229 674 nillil

309 696 469 759 repperiens
484 700 591 756 praeter
606 693 670 744 doec
684 709 785 757 pauca:
803 693 896 742 tondis
911 709 962 757 pro
979 691 1077 743 tondes
1099 692 1228 744 0fr.130

312 762 399 828 friget
409 777 459 826 pro
471 761 550 826 frigit
561 759 585 810 Ο
597 763 630 811 39
665 764 758 810 uomet
769 777 818 824 pro
831 761 918 811 uomit
930 759 953 810 0
966 763 1015 811 979
1031 786 1058 794 -
1073 760 1229 810 tenderent

309 831 327 880 ι’.
340 845 364 880 e.
375 827 524 880 tenderent
534 843 584 892 pro
597 827 776 878 tetenderunt
787 827 814 878 H
827 830 876 878 542
890 855 920 862 -
936 831 1058 878 occurrit
1069 830 1166 878 vitiose
1179 844 1228 892 pro

310 895 466 948 occucurrit
483 895 541 946 Pir.
558 897 583 946 δ.
600 921 633 931 —-
662 893 790 958 (adorsus
802 914 837 938 =
850 894 962 945 adortus
978 895 1067 950 11243
1086 895 1123 958 V)
1138 920 1173 933 -
1199 897 1229 944 de

310 966 451 1016 contructis
461 963 637 1028 perfectorem
648 962 740 1026 formis
753 964 787 1024 cs.
801 963 852 1016 13.

380 1129 420 1184 IV
457 1126 520 1202 Qus
538 1127 661 1182 rationo
679 1143 773 1182 uoces
792 1128 845 1183 nel
865 1127 1047 1184 coniunctus
1066 1129 1122 1183 nel

621 1195 781 1251 seiunctae
799 1195 874 1250 sint.

276 1299 562 1367 praepositiones
575 1299 766 1349 nominibus
783 1300 855 1349 suis
873 1299 1041 1350 adnexae:
1061 1295 1104 1366 [de
1119 1315 1228 1350 monum.

310 1383 398 1432 ancyr.
418 1366 596 1417 stiommsenius
613 1364 780 1431 (Hesperiae
798 1369 851 1417 diui
867 1369 979 1432 Aupustr'
996 1384 1023 1431 p.
1045 1365 1124 1430 145):
1148 1383 1229 1431 saepe

310 1438 378 1486 inter
403 1435 621 1499 praepositionem
643 1440 669 1482 et
693 1450 801 1499 sequens
823 1434 1004 1484 substantiatum
1027 1438 1053 1484 in
1081 1436 1228 1499 archetypo

313 1519 363 1553 non
379 1503 528 1566 interpunpr‘
543 1505 590 1550 uix
607 1500 706 1550 dubium
724 1509 782 1558 este
811 1508 881 1552 certe
899 1504 925 1551 in
942 1504 1026 1553 indice
1043 1503 1188 1552 maioribus
1206 1509 1230 1551 et

311 1569 509 1620 euidentioribus
531 1570 625 1618 litteris
647 1570 746 1634 scripto
770 1571 807 1618 ita
830 1572 923 1633 tepitur
946 1585 973 1620 u.
995 1572 1011 1618 2
1032 1571 1145 1619 intem
1167 1587 1195 1620 u.
1214 1572 1229 1619 3

310 1633 499 1702 indusbus.]
513 1637 620 1685 instato
630 1636 730 1702 sculpe
741 1636 886 1687 ebetherie
897 1636 961 1686 sdte
974 1637 1112 1688 adcantus
1124 1637 1228 1702 perhus

310 1702 1228 1770 pertenentemexilloexteproptermesubpluustroprofetoprome

312 1771 472 1822 coelotenus
480 1769 605 1835 (Ηη319)
616 1771 860 1822 immembrsTido
869 1773 1036 1822 uocabula
1047 1775 1227 1837 conposita

310 1839 539 1889 diuelluntur:
559 1840 588 1888 in
600 1838 733 1890 domitum
748 1840 855 1889 amitto
869 1841 1003 1890 attonitu
1016 1856 1066 1906 per
1079 1844 1177 1890 errent
1195 1856 1228 1889 ex

310 1923 393 1958 eusso
406 1906 457 1957 sub
471 1910 552 1955 sotus
564 1905 598 1956 de
612 1912 717 1956 cretum
735 1923 818 1971 super
833 1923 893 1957 sum
911 1935 943 1942 -
957 1909 985 1956 in
1000 1923 1109 1958 cussum
1122 1908 1147 1956 T
1161 1909 1228 1958 1070

311 1975 341 2024 in
352 1975 443 2024 uicem
456 1974 478 2023 Τ
493 1976 540 2024 102
558 2001 591 2010 -
609 1975 655 2039 qui
672 1990 789 2039 cumque
807 1976 851 2028 cui
868 1990 949 2039 quum
969 1981 1033 2025 ante
1052 1991 1137 2040 quum
1157 1991 1227 2040 quae

311 2058 375 2092 nam
387 2043 443 2091 ism
456 2056 491 2091 ne
504 2057 581 2092 emor
593 2057 627 2091 ne
640 2042 762 2092 iamiam
775 2058 830 2092 non
842 2042 904 2092 dum
918 2043 1002 2093 etiem
1014 2059 1089 2093 num.
1116 2046 1227 2107 perti·

312 2110 413 2161 culae
438 2110 608 2161 orationis
632 2111 839 2161 coniunctae
871 2127 940 2161 cum
964 2111 1107 2161 uocibus
1140 2128 1227 2177 quae

310 2178 545 2228 subiciuntur:
562 2179 643 2243 siqus
657 2178 749 2241 siquid
761 2181 813 2229 site
827 2180 932 2243 sipotee
945 2180 1053 2229 einimis
1066 2178 1149 2229 sedtu
1162 2179 1227 2229 scd·

312 2260 429 2311 mugnus
447 2246 549 2295 ethsnc
565 2246 686 2311 ettulget
704 2250 855 2296 neceitotus
877 2248 976 2310 nequis
997 2248 1086 2297 ismee
1104 2247 1227 2313 iumpos-

310 2328 372 2363 sum
393 2317 457 2363 unte
480 2328 627 2378 snpoesum
648 2314 775 2377 numquis
799 2317 958 2364 uutccnturn
972 2315 1108 2364 nonlicuit
1131 2330 1228 2380 quum·

312 2396 397 2445 prope
419 2381 549 2431 tembene
571 2380 691 2445 quidhoc
713 2383 847 2431 oumtruxi
869 2381 1008 2433 eudomita
1027 2386 1181 2446 protector.
1194 2408 1227 2419 -

311 2451 389 2497 mutto
404 2456 546 2511 praeterea
558 2452 600 2499 uel
610 2450 802 2499 coniunctorum
818 2454 872 2499 stne
891 2451 991 2501 ratione
1004 2453 1045 2501 uet
1055 2454 1119 2499 mole
1133 2452 1227 2501 direm-

311 2522 413 2579 pturum
425 2532 512 2567 uocum
524 2520 641 2580 exempla
652 2519 703 2567 soli
713 2514 814 2567 librarii
827 2542 857 2551 -
872 2533 943 2583 quem
955 2519 1053 2583 quidem
1066 2518 1158 2570 ettbro
1170 2535 1228 2569 eon-

311 2585 527 2648 tinuaseru'ptura
542 2591 654 2635 exarato
670 2600 741 2635 suum
776 2588 984 2649 transcripsisse
1002 2587 1049 2636 huc
1065 2587 1123 2649 ipse
1142 2603 1175 2636 re
1190 2590 1228 2636 in·

313 2654 440 2718 tetteqr'tur
458 2678 489 2687 -—
506 2660 552 2702 aut
569 2654 743 2717 neplepentiue
759 2659 803 2702 aut
820 2656 936 2704 inscitiae
954 2654 1089 2704 tribuenda
1105 2656 1229 2703 uidentur

312 2736 368 2770 esee
379 2724 447 2770 uelut
459 2723 537 2769 tatia:
553 2720 781 2784 terhodopetulit,
800 2720 1024 2785 pellorruborem‚
1045 2721 1227 2784 siquofecun-

313 2787 637 2851 dum,inhibendetsmen
649 2788 870 2840 illothessulicus
884 2794 1075 2854 expectetuam
1088 2789 1229 2853 tupraeda

313 2856 433 2905 occurrit
445 2856 485 2906 ibi
498 2855 561 2919 (Hu
574 2854 631 2920 42),
649 2856 691 2905 fer
708 2856 812 2915 culum,
831 2856 888 2906 diui
904 2858 985 2919 dunt,
1007 2858 1036 2907 in
1053 2857 1152 2918 nehus,
1179 2872 1229 2907 ess

312 2924 428 3053 psisfflst
439 2924 489 2973 hos
502 2924 535 2974 de
548 2923 596 2986 liu,
611 2923 772 2988 phoetontia
784 2924 857 2975 dum.
873 2950 900 2959 -
916 2926 955 2975 De
971 2928 1102 2987 literarum
1118 2926 1229 2975 elisione

312 3007 346 3045 c.
402 3029 407 3043 .
