2750 4250
294 316 355 380 122
571 325 929 378 nununmsnusorn

293 480 427 536 cossatae
441 477 562 539 tectum,
578 469 678 530 uibrat
693 469 721 528 in
738 467 863 529 fratrum
880 485 979 528 mauu.

262 587 281 620 a
335 558 456 619 Laniata
470 572 559 616 canas
574 561 669 616 mator
683 553 813 614 ostendit
827 570 937 621 comas,
1236 567 1265 614 ut

293 651 380 723 rogat
393 641 566 710 abnuentes,
582 641 690 717 inrigat
703 637 775 698 lietu
790 654 891 714 genas.

294 745 404 806 negare
419 728 507 788 matri
521 727 573 805 qui
587 724 639 785 (liu
653 722 777 794 dubitat,
795 729 901 801 potest
1213 735 1237 782 to

266 932 285 965 a
339 909 408 958 roc.
430 895 464 955 ln
478 912 526 955 me
541 911 623 955 arma
639 902 669 954 et
682 895 768 971 ignes
783 894 899 954 uertite.
927 893 958 952 in
973 910 1022 954 me
1037 893 1129 958 omnis
1141 900 1200 952 ruat

295 1001 383 1045 unam
399 983 536 1041 iuuentus
551 996 687 1057 quaeque
702 977 740 1038 ab
756 977 872 1038 inachio
888 978 970 1038 uenit
1263 977 1265 1058 l

295 1069 425 1129 animosa
441 1083 527 1126 muro
542 1081 677 1142 quaeque
693 1061 822 1124 thebana
838 1060 922 1123 teror
1027 1069 1030 1074 '
1237 1067 1265 1130 tu

295 1151 450 1213 descendit
463 1167 542 1225 arce.
567 1149 640 1208 ciuis
655 1155 744 1226 atque
759 1147 854 1208 hostis
869 1146 958 1208 simul
1264 1217 1265 1220 Ἴ

295 1236 376 1297 hunc
390 1237 480 1313 petite
494 1241 631 1296 uentrem
646 1235 698 1311 qui
713 1232 794 1294 (ledit
810 1233 917 1293 lratres
933 1233 1010 1295 uiro.
1213 1238 1236 1286 tt
1264 1275 1265 1288 ,

296 1322 371 1382 haec
384 1318 518 1380 membra
533 1319 643 1397 passim
658 1317 790 1397 spargite
805 1336 840 1378 ac
855 1315 1003 1379 diuellite:

297 1423 352 1483 ego
368 1414 525 1482 utrumque
540 1404 655 1482 peperi.
686 1403 794 1480 ponitis
809 1402 921 1463 sermm
938 1402 1038 1464 ociusl

297 1509 335 1552 an
351 1490 418 1550 dico
434 1498 514 1549 etex
530 1489 607 1566 quoi
630 1487 767 1550 dexteras
782 1490 892 1548 matri
909 1487 1002 1548 date.
1238 1491 1247 1535 t

261 1584 287 1644 a'
342 1576 414 1637 llate
429 1574 499 1634 dum
515 1575 582 1652 piae
596 1579 675 1632 sunt.
706 1589 793 1633 error
808 1573 918 1632 inuitos
933 1571 1032 1634 adhuc

301 1662 371 1721 lecit
385 1665 536 1727 nocentes,
552 1674 640 1717 omne
654 1657 793 1718 fortunae
808 1657 863 1718 luit

291 1746 451 1824 peccantis
465 1744 494 1803 in
509 1759 564 1802 nos
580 1742 709 1802 crimen:
726 1741 782 1802 hoc
797 1743 928 1820 primum
944 1742 1028 1804 nefas

299 1832 376 1890 inter
391 1830 518 1889 scientes
533 1829 657 1904 geritur,
686 1826 717 1884 in
733 1834 831 1886 uestra
847 1845 936 1888 manu
953 1834 998 1888 est

299 1922 399 1974 utrum
415 1911 521 1973 uelitis.
552 1919 654 1972 sancta
669 1912 695 1970 si
710 1912 804 1990 pietas
819 1909 930 1988 placet,

300 1998 436 2058 donate
452 2004 602 2057 matrem
619 2014 702 2076 pace.
733 1997 757 2056 si
773 1995 884 2074 placuit
898 1995 1010 2067 scelus,

299 2083 394 2144 maius
408 2090 544 2163 paratum
561 2089 619 2143 est:
635 2081 732 2144 media
748 2101 780 2143 se
796 2082 921 2159 opponit
935 2098 1054 2159 parens

299 2168 425 2248 proinde
441 2167 551 2228 bellum
566 2165 658 2228 tollite
673 2176 724 2227 aut
738 2165 809 2228 belli
824 2183 948 2227 moram.

269 2288 287 2322 a
343 2251 472 2314 Sollicita
488 2254 536 2312 oui
552 2270 632 2313 nunc
646 2259 741 2311 mater
757 2250 869 2313 alterna
885 2269 977 2329 prece

300 2337 393 2399 uerba
409 2336 724 2398 admouelrotmisera
739 2354 828 2415 quem
844 2335 1007 2416 amplectar
1021 2336 1123 2416 prius‘t

300 2427 331 2484 in
347 2431 504 2501 utramque
519 2432 632 2502 partem
648 2422 743 2482 ducor
758 2420 876 2481 adiectu
890 2423 965 2499 pari.

301 2509 351 2569 hic
366 2508 446 2579 aluit,
463 2507 514 2568 sed
531 2514 616 2587 pacta
631 2508 656 2567 si
670 2507 797 2566 fratrum
813 2503 921 2574 ualent,

302 2612 382 2655 nuno
397 2592 470 2654 alter
485 2591 589 2653 aberit.
620 2608 692 2668 ergo
706 2592 765 2651 iam
782 2607 942 2668 numquam
959 2591 1034 2652 diros

249 2698 255 2707 ·
302 2681 359 2740 nisi
374 2680 417 2739 sio
432 2676 561 2739 uidebo?
584 2679 672 2755 iunge
687 2674 849 2755 conplexus
865 2677 948 2753 prior

301 2812 506 2825 ...ι-..ψ-

371 2887 402 2935 ‘l‘l
426 2886 572 2947 cessatque
595 2898 617 2932 ω
647 2884 784 2931 cossatae
807 2879 883 2929 NHs.
914 2874 926 2944 ll
956 2878 1041 2929 telum
1060 2881 1085 2930 A
1114 2880 1206 2929 tectum

305 2952 351 3018 Εψ
378 2949 393 3019 l]
420 2955 454 3003 80
476 2953 638 3002 continuatur
654 2964 750 2999 scaena
767 2949 793 2997 in
811 2946 836 2996 E
865 2962 956 2996 nouam
972 2948 1065 2998 statuit
1082 2949 1106 2997 A
1134 2942 1145 3011 ll
1170 2943 1205 2991 1⁰·

303 3025 390 3071 casta.
409 3020 558 3084 Polynices
571 3019 594 3067 A
607 3014 619 3084 ll
634 3020 667 3068 82
685 3032 741 3066 uun
759 3023 782 3081 op
799 3018 810 3081 ΙΙ
826 3016 860 3067 84
878 3013 1023 3065 descendit
1035 3016 1059 3065 A
1079 3015 1145 3064 diso.
1156 3010 1178 3059 E
1188 3003 1197 3071 ll

304 3091 381 3138 ciues
404 3092 434 3138 nt
454 3104 488 3138 ue
512 3087 606 3138 hostes
628 3086 653 3134 E
689 3084 759 3135 ciuis
782 3099 807 3133 n.
831 3083 918 3133 hostis
941 3084 965 3133 A
1004 3079 1016 3149 ΙΙ
1053 3083 1087 3133 86
1114 3074 1205 3130 mesA

304 3155 375 3204 haec
391 3155 416 3203 Ε
435 3103 453 3221 ll
473 3158 506 3207 88
525 3171 562 3205 an
579 3154 676 3220 diooop
696 3169 729 3203 ao
746 3152 771 3205 d.
792 3164 825 3201 αε
848 3146 860 3217 ΙΙ
884 3150 995 3202 dextras
1014 3150 1097 3199 metri
1113 3149 1205 3220 dotet}

303 3221 433 3273 dexteras
455 3224 519 3288 lege
543 3220 610 3286 (ind.
632 3239 686 3273 err.
709 3220 807 3286 metri)
831 3218 906 3269 datis
931 3234 949 3269 ot
987 3218 1115 3268 dexteras
1136 3216 1207 3265 metu

304 3288 369 3339 date
387 3290 412 3338 Ε
434 3288 447 3357 ΙΙ
475 3294 506 3341 91
524 3291 554 3339 in
570 3306 620 3341 uos
638 3293 662 3342 A
686 3291 716 3340 in
734 3303 783 3339 nos
802 3297 839 3351 εψ
862 3283 874 3353 ss
902 3290 936 3338 94
952 3286 1054 3336 donata
1072 3284 1205 3345 matrips·
1262 3326 1263 3329 ,

304 3371 366 3406 cem
383 3374 405 3407 ω
422 3358 447 3408 d.
467 3364 581 3409 matrem
599 3375 670 3423 pace
690 3375 709 3409 oc
726 3358 751 3409 d.
771 3357 855 3407 matri
871 3359 962 3421 pacto
979 3356 1013 3407 L.
1025 3353 1141 3405 Mueller.
1157 3348 1205 3399 coll.

306 3426 357 3473 122
373 3440 413 3491 sq.
440 3422 453 3493 [Ι
481 3430 514 3477 96
532 3428 646 3492 proinde
663 3430 721 3477 iam
739 3426 764 3475 Ε
787 3426 844 3475 inm
861 3440 907 3476 om.
928 3423 953 3472 Α
983 3418 995 3489 ΙΙ
1024 3424 1056 3473 97
1080 3423 1124 3473 oni
1144 3428 1206 3468 nunt

304 3491 429 3544 sollicita
440 3496 565 3546 meterE
583 3495 654 3559 (soll.
673 3510 747 3545 nunc
766 3494 810 3544 cui
828 3507 862 3547 m.
881 3492 993 3553 tGron.)
1011 3489 1072 3541 soll.
1087 3490 1131 3541 cni
1144 3495 1205 3535 nnnc

306 3573 341 3608 111·
360 3562 384 3610 Α
421 3563 465 3613 oni
482 3563 543 3615 soll.
562 3579 644 3618 nunc.
662 3570 740 3626 mop
764 3560 776 3629 ll
799 3562 987 3626 alternaprote
1006 3558 1031 3608 Ε
1058 3555 1071 3625 ss
1100 3558 1143 3608 101
1159 3553 1205 3601 iam

305 3640 353 3678 om.
372 3630 439 3681 HM
461 3648 515 3682 non
534 3634 566 3683 α’.
587 3634 659 3696 Ltpo.
688 3628 701 3697 ll
