2750 4250
535 351 702 399 PHABDRA

167 510 222 552 non
237 510 315 552 arma
329 510 420 553 saeua
435 491 522 552 miies
537 491 658 571 aptabat
672 510 762 570 marin

167 595 218 638 nec
233 585 305 636 torta
321 575 436 637 clausas
451 577 582 654 fregerat
596 594 667 637 saxo
683 576 768 654 graui

166 661 272 722 baiiista
286 670 398 738 pertas.
429 663 506 722 iussa
521 679 578 722 nec
592 662 744 722 dominum
760 661 820 740 pati

167 748 260 806 iuncto
274 745 391 807 ierebat
405 753 487 806 terra
501 747 656 807 seruitium
672 745 766 807 boue:

168 832 214 891 sed
228 849 296 892 arua
311 849 367 909 per
382 848 415 892 se
431 832 508 891 foeta
524 839 680 909 poscentes
696 830 768 890 nibil

168 933 268 992 pauere
283 925 403 994 gentes,
419 915 492 976 siina
508 917 623 976 patinas
637 932 711 993 apes

167 1009 193 1060 et
208 1018 292 1078 opaca
309 1000 456 1066 dederant
470 1008 554 1061 antra
570 1001 685 1062 natiuae
700 1000 813 1061 domos.

132 1083 160 1140 m'
207 1085 320 1162 Rupere
335 1085 442 1146 foedus
456 1086 554 1162 inpius
569 1085 645 1146 lucri
660 1087 744 1146 iurcr
791 1087 796 1108 ¹

169 1178 193 1230 et
208 1171 246 1230 ira
261 1188 408 1249 praeceps
423 1188 560 1249 quaeque
574 1188 733 1232 succensas
749 1171 809 1247 agit

167 1253 250 1316 iibido
265 1263 395 1325 mentes,
421 1257 503 1317 uenit
517 1255 636 1335 imperii
650 1257 713 1317 sitis

168 1350 296 1411 cruenta,
323 1340 418 1400 iactus
432 1340 544 1418 praeda
560 1342 663 1401 maiori
680 1343 792 1407 minor,
909 1411 913 1420 η

168 1442 218 1501 pre
232 1426 295 1485 iure
311 1427 392 1485 uires
407 1443 483 1486 csse.
515 1433 577 1486 turn
593 1426 723 1504 primurn
739 1441 829 1484 manu

167 1507 270 1568 bellare
284 1510 372 1570 nuda.
402 1527 532 1589 saraque
547 1518 576 1571 et
590 1527 690 1571 ramos
706 1509 796 1569 rudes

168 1603 278 1655 uertere
292 1596 322 1654 in
338 1613 430 1655 arma.
461 1613 522 1655 non
538 1602 602 1656 crat
616 1593 721 1673 gracili
735 1593 810 1654 leuis

168 1687 272 1738 armata
286 1679 366 1740 ierrc
382 1697 508 1749 ceruus,
525 1687 577 1740 aut
590 1678 681 1757 lengo
697 1678 773 1740 latus

168 1780 301 1824 mucrene
317 1766 439 1842 cingens
454 1766 546 1835 ensis,
563 1774 614 1825 aut
629 1765 718 1824 ‘erista
734 1761 839 1842 procul

169 1847 261 1922 galeae
275 1856 443 1910 comantes:
466 1847 524 1909 teia
538 1849 665 1910 faciebat
680 1847 775 1910 dcicr.

146 1930 160 1986 ι’
207 1932 319 1992 Inuenit
333 1941 411 2001 artes
426 1932 551 1994 bellicus
566 1934 685 1994 Mauors
701 1951 795 1994 nouas

169 2025 196 2075 et
209 2016 282 2077 mille
297 2018 408 2078 iormas
423 2020 537 2080 mortis.
570 2018 639 2078 binc
656 2026 752 2079 terras
768 2034 858 2078 cruor

128 2148 131 2154 .
169 2099 261 2161 iniecit
276 2105 372 2163 omnis
388 2102 471 2165 insns
487 2112 516 2163 et
531 2103 632 2165 rubuit
646 2121 739 2165 mare.

170 2193 224 2247 tun
239 2186 348 2257 scelera
364 2189 486 2267 dempto
501 2189 560 2249 tine
575 2206 630 2268 per
645 2198 767 2251 cunctas
780 2189 886 2261 domos

169 2272 237 2339 iere,
259 2271 373 2333 nulium
389 2274 486 2333 caruit
500 2274 637 2352 exemplo
653 2275 744 2335 nefas.

171 2374 183 2413 a
199 2354 285 2417 fratrc
300 2357 408 2427 irater,
425 2359 545 2419 dextera
562 2360 642 2435 gnati
657 2377 767 2437 parens

170 2442 281 2511 eccidit,
298 2444 423 2503 maritus
440 2444 574 2519 coniugis
589 2444 670 2504 serra
684 2445 761 2504 iacet

169 2527 368 2605 perimuntque
384 2527 460 2589 ictus
475 2530 573 2605 inpiae
590 2538 701 2589 matres
716 2546 795 2589 suos.

171 2608 278 2689 [Taceo
292 2630 453 2674 nouercae.
484 2616 585 2674 mitius
598 2616 678 2674 nibil
691 2622 734 2675 est
745 2611 851 2691 serie]

143 2716 157 2749 n
208 2695 262 2757 Sed
278 2697 336 2757 dux
352 2696 500 2758 malcruni
517 2698 635 2759 femina.
667 2698 741 2757 baec
757 2697 904 2759 scelerum
920 2698 1025 2757 artifex

170 2778 276 2840 obsedit
290 2784 418 2851 animas,
435 2782 523 2842 buius
538 2783 658 2843 incestis
672 2784 782 2860 stupris

171 2862 273 2926 iumant
287 2873 331 2927 tet
346 2865 438 2927 urbes
453 2865 530 2927 beiia
546 2874 588 2926 tot
603 2874 708 2944 gentes
724 2873 833 2946 gerunt

171 3050 359 3062 Q—

229 3172 276 3221 545
298 3187 432 3222 seranna
449 3170 484 3220 E¹
509 3168 578 3223 carr.
598 3170 634 3220 13²
657 3167 669 3237 ΙΙ
693 3172 742 3222 547
760 3168 904 3221 dederunt
921 3173 952 3219 ci.
972 3168 1076 3235 Nilei
1131 3230 1135 3237 Ι

160 3235 212 3304 ‚tie
227 3253 340 3303 precesp
357 3240 383 3287 E
395 3236 407 3305 ΙΙ
418 3241 466 3290 551
487 3243 630 3288 cruentum
642 3239 752 3289 facinus
766 3238 852 3303 prede
869 3246 892 3301 ψ
905 3234 916 3305 Η
928 3239 978 3289 553
995 3252 1075 3288 sexa·

173 3316 215 3363 qne
233 3321 251 3354 a
272 3303 284 3372 ΙΙ
307 3308 358 3357 556
377 3312 426 3356 aut
444 3308 546 3356 cristae
565 3312 651 3371 caput
669 3308 693 3357 A
714 3311 763 3357 aut
780 3307 862 3357 triste
881 3308 965 3372 caput
982 3313 1006 3369 ψ
1028 3311 1077 3356 aut

173 3372 244 3421 crista
261 3374 354 3437 procui
374 3371 429 3441 ΕΠ
448 3377 498 3425 555
516 3374 595 3425 dolor
612 3392 634 3425 ω
652 3374 741 3425 dolus
759 3376 790 3424 οἱ.
804 3374 938 3439 Stephani.
961 3375 1076 3437 sortasse

172 3440 329 3491 scribendum:
352 3443 412 3493 tela
430 3442 557 3492 faciebat
575 3442 671 3499 locus
688 3441 718 3504 (ἰ.
732 3459 754 3493 e.
767 3443 880 3504 arcada)
892 3439 904 3509 ΙΙ
916 3444 965 3493 566
983 3442 1077 3491 mitior

173 3519 237 3557 mens
254 3515 295 3558 est
313 3510 382 3560 ieris
399 3512 432 3562 ci.
445 3510 573 3575 Scaliger.
597 3512 662 3560 eieci
677 3526 785 3561 uersam.
809 3512 843 3574 cs.
858 3510 903 3560 Oa.
915 3511 972 3560 iter.
985 3509 1019 3557 X.
1034 3513 1048 3557 1
1067 3505 1075 3573 {i

173 3573 213 3624 568
229 3580 256 3625 et
273 3578 296 3626 Α
320 3578 373 3627 hec
391 3578 417 3627 Ε
440 3575 452 3645 ss
474 3580 525 3629 568
543 3579 624 3628 huius
643 3578 744 3629 incesti
762 3578 787 3627 E
809 3578 888 3629 caius
904 3578 1029 3628 incestae
1049 3577 1074 3626 Α

173 3638 278 3694 incestis
298 3644 321 3695 1.
331 3646 376 3695 Gr.
400 3642 413 3711 ll
934 3644 941 3659 ‘
