2750 4250
273 304 337 372 278
551 321 583 368 r..
607 321 742 370 Ausum
764 323 923 375 sussum

274 466 371 534 uiuat,
387 481 442 542 per
457 462 548 525 urbes
564 470 645 524 erret
659 463 778 540 ignotos
794 483 885 542 egens

240 595 245 606 .
274 548 342 610 exul
357 565 471 629 pauens
487 549 601 609 inuisus
614 549 723 609 incerti
738 548 822 621 iaris,

275 653 322 696 me
338 635 494 713 coniugem
510 639 608 712 optet,
623 632 715 694 limen
732 632 860 697 alienum
878 647 997 718 expetat

273 723 331 780 iam
346 727 434 781 notus
449 721 575 799 hospes,
592 736 713 797 quoque
729 738 788 780 non
804 720 882 784 eliud
899 742 1008 803 queam

273 807 359 884 peius
374 806 507 885 precari,
524 803 634 866 liberos
649 803 763 866 similes
778 809 855 884 patri

273 890 443 971 similesque
458 891 554 950 matri.
586 897 669 969 parts
686 891 745 950 iam
761 890 933 969 ports-ultio
950 902 1013 956 est:

274 978 388 1056 peperi.
418 973 555 1054 quereias
569 975 726 1051 uerbaque
741 977 890 1037 ineassum
906 997 983 1040 sero.
1004 1015 1042 1024 -

238 1061 265 1118 b‘
317 1061 382 1122 Non
398 1060 447 1120 ibo
462 1063 492 1120 in
508 1061 625 1120 hostes?
647 1061 785 1121 monibus
801 1063 945 1124 excutiam
962 1063 1045 1127 isoes

274 1144 415 1223 coeloque
431 1144 546 1206 iucem?
570 1153 684 1222 spectat
698 1147 758 1206 hoo
772 1149 867 1208 nostri
882 1157 962 1208 sator

274 1230 324 1291 Sol
340 1231 458 1309 generis
474 1238 504 1291 et
517 1237 669 1308 spectatur
685 1240 717 1292 et
732 1235 823 1294 ourru
838 1233 969 1306 insidens

273 1335 328 1394 per
343 1314 428 1375 solita
443 1317 511 1396 puri
527 1316 620 1396 spatia
637 1316 772 1379 decurrit
785 1317 864 1400 polii

270 1399 335 1462 =nou
350 1400 471 1462 reditio
488 1409 572 1462 ortus
586 1413 616 1463 et
629 1405 787 1465 remetitur
802 1404 898 1464 diem?

273 1488 309 1547 ds
325 1486 362 1546 da
378 1505 432 1565 per
447 1505 535 1548 ouras
550 1487 690 1550 curribus
705 1490 810 1568 patriis
825 1491 904 1551 uehi.

273 1575 416 1632 oonmitte
432 1573 564 1634 habenas
581 1573 698 1648 genitor
717 1582 746 1637 et
760 1573 953 1654 flagrantibus

273 1657 397 1735 ignifera
412 1654 485 1718 loris
497 1657 598 1718 tribue
612 1657 764 1721 moderari
780 1663 857 1738 iuga.

274 1741 408 1824 [pomino
423 1744 581 1804 Corinthos
594 1745 680 1807 litori
696 1761 853 1822 opponens
867 1761 969 1806 moros

272 1834 408 1890 cremato
420 1833 551 1906 flammis
566 1833 668 1890 morio
682 1833 849 1892 conmittet
864 1829 949 1911 duo]

239 1938 256 1970 a
316 1914 380 1974 Hoo
395 1921 486 1974 restat
500 1930 609 1985 unum,
625 1914 794 1992 pronubam
810 1914 939 1976 thalamo
954 1915 1050 1976 seram

273 2006 306 2058 ut
319 1999 381 2077 ipse
397 2000 500 2078 pinum
516 2008 644 2081 postque
659 2000 808 2061 sacrificas
823 2018 929 2079 preoes

273 2083 395 2145 eaedem
410 2084 513 2146 dicatis
528 2088 665 2147 uiotimas
681 2085 834 2147 altaribus.

273 2188 327 2248 per
342 2171 460 2233 uiscera
478 2172 542 2249 ipsa
559 2189 669 2249 quaere
683 2172 829 2251 supplicio
845 2174 933 2233 uiam.

274 2256 297 2316 si
314 2256 390 2315 uiuis
405 2260 504 2318 anime
520 2258 545 2319 si
560 2256 631 2337 quid
647 2259 760 2337 antiqui
775 2256 828 2318 tihi

273 2349 408 2402 remanet
423 2338 553 2421 uigoris,
571 2341 648 2422 peile
664 2344 808 2404 femineos
824 2349 929 2403 metus.

277 2426 320 2507 [et
333 2430 545 2505 inhospitalem
562 2432 732 2491 Ooooosom
747 2434 845 2489 mente
859 2426 964 2508 indue]

238 2510 264 2568 α’
318 2512 532 2593 Quodcumque
546 2514 621 2575 uidit
635 2515 749 2575 Pontus
764 2520 815 2573 aut
829 2512 932 2573 Phasis
948 2513 1046 2583 nefas,

273 2596 385 2658 uidebit
399 2599 536 2661 isthmos.
568 2600 658 2660 eiiera
674 2602 776 2677 ignota
792 2598 915 2659 horrida

274 2685 428 2744 tremenda
445 2684 526 2745 oaeio
541 2686 653 2765 pariter
668 2703 704 2745 ao
720 2686 809 2745 terris
822 2682 898 2745 mala

340 2994 374 3042 20
396 2966 514 3043 arrisu
540 2992 567 3055 (o
586 3008 656 3057 supr.
675 2994 692 3039 2
710 2989 755 3053 m.)
788 2992 904 3041 erretA
933 2986 937 3055 Ι
974 2982 1203 3058 25parietE1i

272 3056 342 3109 uitio
363 3056 454 3126 &11²9
473 3065 614 3127 spectator
632 3061 659 3112 A
677 3062 821 3124 spectatur
838 3058 924 3109 hfiie
948 3054 952 3125 Ι
975 3074 1070 3109 currus
1088 3061 1113 3109 Ε
1132 3058 1146 3127 Η
1169 3066 1203 3113 30

274 3128 354 3175 curui
376 3129 416 3178 hu
445 3127 457 3198 Η
486 3132 518 3182 31
541 3145 615 3180 nune
638 3128 678 3179 m
708 3142 773 3176 uum
791 3127 817 3177 A
846 3141 901 3177 non
924 3135 963 3193 ψε
992 3124 1004 3194 ΙΙ
1033 3124 1203 3191 rellmetitur

275 3186 305 3251 (d
322 3195 403 3261 eros.)
422 3199 447 3248 E
459 3196 471 3265 ΙΙ
484 3201 516 3250 32
534 3199 624 3265 patris
642 3198 667 3247 A
686 3194 786 3261 patriis
804 3197 837 3247 oi.
855 3196 930 3259 Lips.
952 3190 1039 3262 ε1135
1057 3197 1090 3247 36
1106 3212 1201 3247 uersrrs

184 3272 189 3284 ¹
274 3256 321 3309 hoc
345 3265 400 3315 loeo
424 3269 527 3333 ineptos
548 3268 619 3317 oncis
641 3266 740 3316 inclusi.
765 3265 850 3313 nereio
874 3280 907 3313 arr
931 3265 1046 3328 ponendi
1065 3266 1116 3314 sint
1133 3273 1200 3329 port

273 3339 299 3372 o.
321 3329 378 3381 147.
413 3336 448 3399 cs.
474 3334 546 3386 Ouid.
570 3341 627 3387 met.
658 3332 725 3383 VII.
751 3334 816 3381 395:
846 3332 1067 3397 flagrantemque
1089 3332 1200 3383 domum

275 3398 350 3461 regis
368 3416 444 3453 mere
462 3404 541 3453 uidet
557 3408 711 3465 utrumque,
724 3396 736 3467 Η
749 3399 905 3450 committat
922 3401 964 3451 Αε
984 3401 1144 3452 committet
1163 3406 1198 3455 si.

276 3494 350 3561 Dipo.
374 3498 386 3569 ΙΙ
409 3507 441 3555 37
460 3505 612 3571 pronubam
629 3504 680 3568 Ep
698 3502 853 3569 pronubam
871 3502 896 3553 A
920 3498 933 3570 [Ι
955 3504 989 3555 43
1008 3480 1150 3555 οαιιὲεεωιι
1170 3505 1198 3553 Ε

276 3560 303 3619 (⁰
321 3582 403 3633 rpror.
423 3590 455 3629 m,
475 3572 505 3640 3)
529 3590 630 3625 uersum
651 3574 743 3623 deterri.
768 3568 779 3637 Η
802 3574 837 3621 44
860 3572 958 3637 phasis
982 3577 1031 3622 aut
1052 3575 1147 3639 pontus
1168 3574 1196 3622 A

274 3638 374 3688 Pontus
392 3656 417 3691 a.
437 3643 484 3707 ph.
506 3643 529 3691 Ε
554 3639 566 3706 ΙΙ
773 3676 774 3679 =
