2750 4250
305 344 369 411 336
692 354 836 403 rucsurr

307 516 435 581 posuere
450 506 561 559 tonsas.
592 494 704 557 credita
719 502 868 556 estuante
884 503 962 555 rates

307 584 450 663 fususque
465 583 602 643 transtris
617 579 701 641 miles
716 588 768 641 aut
781 588 878 641 terras
892 578 1011 657 procui,

307 676 449 748 quantum
465 666 610 729 recedunt
625 664 708 735 ueia,
725 665 871 743 fugientes
885 672 967 725 uetat

307 759 358 815 aut
372 751 450 814 beiia
466 759 570 813 narrat
584 751 721 812 Hectoris
736 750 821 810 icrtis
836 750 932 811 minas

307 855 474 916 currusque
490 843 519 897 et
533 842 633 915 empto
647 834 796 895 redditum
812 852 922 913 corpus
935 850 1007 911 rogo
1033 854 1039 863 ·

307 940 443 1003 sparsum
460 939 568 983 cruore
583 921 663 997 regis
677 920 822 981 herccum
835 919 947 980 louein.

351 1008 425 1068 Turn
443 1008 494 1084 qui
509 1008 624 1067 iacente
638 1005 812 1082 reciprocus
826 1003 903 1065 ludit
917 1003 977 1064 saio

308 1092 513 1169 tumidumque
529 1090 626 1168 pando
641 1088 769 1150 transilit
784 1088 873 1149 dorso
889 1107 972 1150 mare

309 1177 469 1257 tyrrhenus
484 1177 565 1235 omui
580 1176 671 1255 piscis
685 1172 797 1235 exultat
811 1174 887 1235 freto

309 1264 457 1341 agitatque
472 1279 561 1340 gyrus
578 1266 607 1320 et
622 1276 723 1320 comes
737 1258 824 1320 lateri
838 1258 959 1320 adnatat

309 1349 421 1409 anteire
437 1364 529 1407 naues
543 1345 637 1407 iaetus
653 1351 682 1405 et
697 1362 802 1405 rursus
816 1343 909 1423 sequi.

308 1450 388 1492 nuuc
402 1432 498 1510 prima
513 1439 640 1507 tangens
654 1435 751 1491 rostra
766 1428 882 1489 lasciuit
896 1429 1020 1498 chorus,

309 1514 493 1591 millesimam
511 1532 589 1575 nunc
605 1514 697 1575 ambit
711 1521 741 1575 et
755 1512 860 1574 lustrat
874 1522 979 1575 ratem.

351 1601 411 1662 lam
427 1599 496 1660 litus
511 1616 599 1661 omne
614 1600 725 1677 tegitur
740 1606 770 1658 et
784 1598 880 1677 campi
894 1597 987 1660 latent

310 1692 340 1747 et
354 1684 442 1746 dubia
459 1690 565 1763 parent
580 1684 688 1743 montis
701 1683 780 1743 idaei
794 1685 870 1761 iuga.

311 1778 340 1833 ct
354 1770 384 1831 id
401 1769 478 1850 quod
495 1786 585 1829 unum
601 1770 743 1846 peruicax
758 1769 838 1829 acics
852 1768 947 1837 uidet,

309 1855 411 1916 iliacus
426 1861 488 1914 atra
504 1854 603 1913 sumus
618 1861 741 1931 apparet
755 1860 835 1913 ncta.

308 1942 368 2001 iarn
382 1939 458 2001 lassa
474 1938 560 1999 Titan
576 1935 650 1997 coila
665 1936 819 1999 reieuabat
833 1938 918 2014 iugo,

310 2026 340 2084 in
356 2031 433 2084 astra
449 2025 507 2084 iam
522 2023 573 2082 iux
588 2039 699 2101 prona,
714 2024 773 2081 iam
789 2040 934 2100 praeceps
948 2022 1025 2082 dics:

353 2109 464 2188 Exigua
481 2105 576 2169 nubes
591 2106 710 2168 sordido
726 2126 866 2169 crescens
881 2105 969 2184 globo

311 2194 433 2255 nitidum
450 2192 581 2253 cadentis
595 2194 730 2272 inquinat
743 2191 858 2254 Phoebi
872 2191 965 2254 iubar.

310 2286 445 2358 suspecta
461 2279 563 2338 uarius
578 2277 717 2338 occidens
732 2277 803 2338 iecit
818 2279 901 2339 treta.

310 2382 369 2424 uox
384 2365 479 2441 prima
499 2361 612 2423 caelum
627 2369 778 2442 sparserat
791 2361 899 2434 stellis,
914 2366 1011 2423 iacent

311 2449 427 2509 deserta
444 2454 534 2508 uento
550 2447 626 2508 uela.
659 2457 719 2507 tum
735 2466 872 2508 murmur
887 2466 978 2526 graue

311 2535 424 2594 maiora
439 2533 577 2593 minitans
594 2530 718 2594 collibus
732 2535 857 2593 summis
873 2532 951 2592 cadit

311 2626 466 2697 tractuque
481 2616 571 2694 longo
586 2616 654 2678 litus
669 2635 704 2678 ac
718 2625 821 2696 petrae
837 2625 968 2696 gemunt.

353 2704 466 2782 Agitata
482 2703 579 2762 uentis
594 2703 671 2763 unda
689 2705 825 2763 uenturis
840 2710 942 2764 tumet.

185 2859 187 2866 Ι
313 2807 380 2849 cum
396 2786 494 2849 subito
509 2784 579 2846 iuna
596 2787 748 2855 conditur,
765 2786 868 2846 stellae
882 2786 987 2854 latent,

292 2861 341 2934 ‘iu
356 2881 435 2934 astra
450 2877 559 2950 pontus
575 2869 698 2941 tollitur,
716 2870 830 2931 casium
847 2874 933 2949 perit.

312 2976 367 3019 uec
382 2954 440 3019 uu'a
456 2974 514 3016 nox
532 2962 590 3016 est:
615 2955 705 3018 densa
721 2955 855 3017 tenebris
871 2955 971 3016 obruit

378 3171 430 3228 464
447 3182 523 3228 rates
541 3175 566 3225 Ε
583 3176 653 3225 ratis
671 3177 697 3226 A
710 3172 721 3241 ΙΙ
732 3176 783 3225 466
801 3175 882 3225 miles
900 3176 925 3225 E
936 3177 1049 3240 Reqr'om
1069 3169 1208 3227 nsuitsAi

312 3248 362 3296 469
380 3245 528 3296 hercaeum
548 3244 571 3292 Ε
589 3244 728 3294 Herceum
747 3259 766 3293 α
782 3243 942 3294 herculeum
959 3252 983 3308 ψ
1006 3241 1018 3309 ΙΙ
1040 3245 1093 3296 470
1110 3237 1212 3292 Tucci

311 3315 381 3364 Tum
400 3313 424 3362 A
442 3309 454 3378 11
469 3315 519 3362 472
538 3314 611 3362 omni
629 3311 678 3376 Εψ
697 3312 785 3362 omnis
803 3313 827 3362 A
845 3308 857 3378 ΙΙ
873 3314 923 3362 473
940 3313 1092 3376 Agitatque
1109 3311 1134 3360 Ε
1149 3309 1212 3374 Agit

313 3397 366 3446 que
386 3381 410 3430 A
423 3377 435 3446 ss
446 3382 497 3431 477
516 3395 594 3430 omne
612 3379 637 3429 E
655 3395 726 3430 corr
737 3378 775 3429 E³
782 3377 799 3446 ΙΙ
810 3381 860 3430 478
878 3384 978 3445 parent
995 3380 1048 3431 ΕΑ
1067 3383 1194 3445 patentur

312 3451 362 3500 479
380 3450 417 3498 Et
434 3448 463 3497 id
480 3448 505 3497 Ε
534 3447 598 3496 Et
590 3463 645 3497 ram
665 3448 690 3497 A
720 3444 732 3513 11
760 3450 809 3498 491
828 3449 920 3499 subito
938 3449 1005 3499 luna
1024 3448 1074 3514 Εψ
1104 3448 1212 3498 iunasu·
1250 3398 1252 3483 1

311 3519 370 3568 bito
382 3517 450 3566 Aac
461 3511 473 3582 Η
489 3515 580 3565 latent
591 3515 657 3565 EAE
676 3516 816 3566 caduntA
829 3513 841 3584 ΙΙ
857 3518 908 3568 493
919 3517 978 3567 Nec
992 3531 1047 3566 uns.
1058 3531 1114 3567 nox
1126 3519 1164 3566 cst
1174 3510 1212 3562 ΕΑ

311 3586 371 3636 Nec
395 3588 438 3635 666
461 3599 515 3634 nox
538 3597 594 3633 uua
617 3587 658 3633 uel
686 3584 745 3635 Nec
763 3591 806 3636 666
824 3599 879 3636 una
897 3594 992 3649 ηοιψ
1020 3581 1032 3650 Π
1061 3585 1212 3636 tensurus

313 3653 445 3704 tenebris
462 3652 558 3714 scripsi
574 3651 767 3702 tenebrarum
786 3653 862 3704 NHe.
885 3648 898 3718 ΙΙ
