2750 4250
320 322 386 387 320
709 333 852 382 rucnnrr

366 476 431 538 t'ht
445 474 550 537 tondet
564 474 624 538 aies
639 475 726 536 auida
741 472 901 536 secuntum
917 477 997 536 iecur

322 570 352 623 et
367 562 444 622 inter
459 560 554 621 undas
569 559 682 621 feruido
700 568 821 621 exustus
835 558 883 619 siti

323 664 414 726 aquas
430 644 549 723 fugaces
565 664 617 706 ore
633 644 760 723 decepto
776 646 888 723 oppetit

268 764 271 771 ·
323 748 434 811 poenos
449 730 571 791 daturus
590 728 727 791 caelitum
743 727 868 807 dapibus
883 731 1007 807 graues?

366 815 423 877 Sed
439 814 488 876 iiie
504 823 622 877 nostroe
638 832 707 894 pars
723 822 811 892 quota
827 821 872 875 est
887 813 990 893 culpae
1004 815 1104 876 seueri

323 909 495 980 reputemus
510 918 612 961 omnes
628 917 703 977 quos
718 897 757 959 ob
772 898 908 959 tutandas
922 918 1024 961 manus

251 1056 256 1067 ¹
324 986 474 1065 quaesitor
488 1002 562 1045 urna
578 986 699 1063 gnosius
714 991 814 1044 uersat
829 1001 912 1044 reos:

323 1072 440 1131 uincam
456 1069 597 1149 Thyestes
613 1068 776 1129 sceleribus
793 1077 916 1129 cunctos
931 1070 1016 1139 meis,
1212 1079 1241 1127 tt

322 1174 340 1217 a
356 1155 447 1216 iretre
463 1156 574 1215 uiucar.
606 1153 707 1215 tiberis
721 1152 829 1232 plenus
843 1152 939 1214 tribus

233 1280 238 1293 ·
323 1240 352 1300 in
369 1257 417 1300 me
433 1238 556 1319 sepultis
571 1240 685 1301 uiscera
702 1238 787 1299 exedi
801 1256 877 1298 meu.

366 1324 427 1385 Nec
441 1324 586 1386 hactenus
601 1325 718 1384 fortuna
733 1321 894 1383 maculauit
908 1331 1032 1400 patrem,

323 1409 375 1471 sed
392 1410 486 1471 maius
501 1408 579 1471 aliud
596 1426 665 1470 unsa
682 1408 830 1469 conmisso
845 1406 957 1476 scelus,

324 1502 430 1573 gnatae
446 1494 591 1555 nefandos
605 1502 710 1573 petere
726 1491 902 1554 concubitus
916 1492 1004 1554 iubet.

323 1598 383 1640 non
398 1579 524 1658 pauidus
539 1580 622 1641 hausi
638 1579 731 1647 dictu,
752 1577 803 1639 scd
819 1580 886 1655 cepi
903 1579 990 1638 ocius.

365 1664 443 1742 Ergo
461 1675 492 1725 ut
506 1684 561 1744 per
576 1666 672 1725 omnis
687 1662 802 1724 liberos
813 1663 889 1723 irem
905 1681 1028 1740 percus,

321 1757 423 1809 coacte
440 1748 507 1809 iotis
523 1758 609 1827 gnate
625 1749 684 1810 fert
699 1756 819 1832 uterum
834 1766 957 1827 grauem

321 1852 369 1895 me
384 1842 467 1913 potrc
484 1834 614 1911 dignum.
646 1851 733 1894 uersa
749 1842 855 1893 natura
870 1840 916 1893 est
929 1843 1019 1895 retro.

321 1936 377 1979 auo
394 1926 545 1996 parentem
561 1936 617 1997 pro
632 1918 717 1979 netes
732 1920 811 1997 patri
825 1918 924 1979 uirum

321 2006 419 2081 gnatis
435 2012 556 2081 nepotes
572 2005 678 2063 miscui
694 2005 773 2063 nocti
788 2002 876 2066 diem.

366 2087 423 2149 Sed
439 2106 505 2150 sera
522 2089 640 2151 taudem
657 2088 779 2166 respicit
792 2088 887 2152 sessos
902 2086 985 2150 melis

320 2181 388 2251 post
403 2173 460 2236 into
476 2175 595 2235 demum
610 2176 699 2234 sortis
714 2176 846 2236 incertae
860 2174 950 2236 fides:

320 2277 374 2319 rex
390 2256 439 2318 itte
454 2276 558 2336 regum
575 2259 680 2320 ductor
695 2262 899 2335 Agamemnon
915 2259 1023 2322 ducum

320 2345 405 2405 cuius
421 2350 540 2405 secutae
556 2343 636 2405 mille
652 2343 793 2406 uexillum
808 2353 908 2406 rates⁴

321 2428 404 2491 iliaco
421 2427 494 2490 uelis
510 2431 601 2491 morin
617 2439 758 2492 texerunt
773 2431 850 2500 suis,

320 2523 388 2594 post
403 2514 520 2576 decima
536 2513 649 2576 Phoebi
664 2515 757 2575 lustra
773 2515 889 2576 deuicto
905 2515 957 2576 llio

320 2598 404 2660 adest
419 2600 542 2660 daturus
558 2600 675 2677 coniugi
691 2598 824 2678 iugulum
841 2619 921 2662 suec.

363 2685 483 2745 lamiam
500 2683 614 2745 natabit
629 2687 773 2762 sauguine
787 2684 903 2746 alterno
918 2685 1033 2747 domus.

319 2788 407 2831 enses
421 2787 557 2830 securem
573 2768 628 2830 tela
646 2769 772 2830 diuisum
788 2773 873 2848 graui

319 2857 380 2915 ictu
398 2853 538 2934 bipennis
555 2856 671 2933 regium
687 2855 775 2916 uideo
791 2863 890 2934 caput.

319 2942 389 3001 iam
405 2938 518 3001 sceiere
534 2958 628 3020 prope
644 2950 711 3001 sunt
726 2942 794 3002 iam
811 2939 896 3002 dolus
912 2942 1018 3004 caedes
1033 2961 1128 3005 cruor.

363 3027 510 3088 Ponuntur
526 3025 639 3106 epulae.
671 3044 759 3086 causa
775 3025 879 3088 notulis
896 3027 937 3088 tui

318 3111 457 3191 Aegistbc
473 3113 564 3173 uenit.
595 3111 664 3191 quid
681 3110 778 3188 pudor
794 3111 894 3172 uultus
909 3120 1027 3190 gruunt,

317 3197 391 3276 quid
407 3193 510 3258 dentre
527 3196 616 3259 dubio
631 3196 746 3274 trepida
763 3195 884 3256 consilio
899 3196 993 3268 labat,
1222 3193 1240 3243 ὅθ

478 3307 499 3342 0

387 3505 420 3554 23
442 3519 472 3554 re
494 3507 642 3567 etumuerp
671 3497 683 3568 il
713 3505 746 3556 35
769 3502 827 3553 Auo
845 3508 1016 3569 nepotemrt
1045 3505 1078 3560 A.
1095 3505 1211 3570 parentem

317 3571 448 3622 EtnuA
472 3519 541 3638 &38
562 3571 688 3622 incertae
708 3571 778 3620 ME
802 3572 928 3624 incestae
947 3574 972 3623 Α
995 3570 1008 3640 ΙΙ
1030 3575 1066 3624 42
1087 3563 1212 3624 decimcss

317 3639 391 3690 dena
403 3649 427 3705 ψ
446 3640 517 3690 bina
531 3656 549 3689 α
560 3635 572 3704 Η
584 3642 617 3690 45
636 3654 760 3690 securem
772 3639 798 3688 E
815 3655 927 3692 secures
939 3641 964 3690 Α
977 3638 989 3708 Ι]
1000 3644 1035 3695 te
1052 3646 1121 3694 tuus
1131 3638 1209 3693 bilin?
