2750 4250
303 355 367 422 446
691 372 835 421 mosam

304 513 441 592 laresque
457 514 597 574 miseros:
620 515 717 592 argos
730 513 915 594 Eurystheus
927 523 1007 576 mast.
1184 523 1219 572 itu
1252 540 1254 571 i

305 600 409 660 marita
425 598 542 661 Thebas
557 616 649 676 regna
665 607 695 659 st
707 599 847 660 Ismenon
863 609 957 678 petam
1252 618 1254 624 ’

303 682 508 763 thalamosque
525 691 643 745 nostros
658 685 687 744 in
703 683 811 761 quibus
827 686 970 764 quondam
982 685 1077 746 louem

304 767 409 830 dilecta
425 768 504 830 uidi?
526 786 581 848 pro
597 769 684 828 nimis
701 767 770 830 ielis
787 770 877 830 nimis

304 855 329 915 si
345 853 549 915 fulminantem
564 855 671 931 etipsa
686 855 847 916 sensissem
861 856 970 916 Iouem.

305 940 417 1000 utinam
433 941 508 1000 meis
523 937 687 1000 uisceribus
702 937 820 1000 Alcides
834 939 913 1000 loret
1193 945 1218 992 m

304 1035 427 1102 ereptus
441 1023 549 1086 inians.
580 1041 660 1084 nunc
676 1023 777 1086 datum
793 1033 839 1084 cst
852 1027 976 1087 miserae
988 1025 1084 1087 iatum

304 1109 406 1171 uidere
424 1127 460 1169 na
539 1107 627 1170 laude
642 1117 807 1170 certantem
821 1109 900 1170 loni:

303 1203 336 1256 ut
351 1203 381 1255 et
395 1193 453 1254 boo
488 1201 588 1254 aretur
603 1195 697 1262 scire,
714 1193 786 1272 qnid
802 1196 894 1256 latum
909 1196 986 1256 mihi

303 1281 421 1358 eripere
436 1288 544 1358 posset.
580 1280 646 1358 quis
661 1296 777 1340 memor
792 1283 875 1340 uiuet
888 1282 931 1340 tui

303 1372 404 1426 onate
420 1362 565 1443 populus?
587 1382 674 1424 omno
690 1367 749 1425 iam
765 1365 913 1441 ingratum
929 1373 972 1426 est
985 1382 1083 1442 genus.
1200 1369 1217 1416 0

303 1459 402 1529 potam
418 1447 562 1510 Cleonas?
583 1447 731 1510 Arcadum
747 1449 874 1528 populos
889 1458 985 1528 petam

303 1535 474 1612 meritisque
490 1542 585 1594 terras
600 1533 716 1595 nobiles
731 1552 872 1612 quaeram
887 1536 962 1597 tuis?

302 1619 350 1680 hic
366 1619 429 1680 dira
446 1636 570 1698 serpens
585 1618 705 1689 cecidit,
721 1619 770 1681 bic
784 1619 847 1681 ales
861 1621 940 1690 lora,

303 1704 351 1765 bic
365 1724 419 1767 rex
435 1711 591 1773 cruentus,
615 1703 663 1764 bic
681 1715 728 1764 tua
745 1706 858 1767 fractus
871 1723 961 1767 manu

303 1792 353 1868 qui
369 1797 396 1850 te
412 1787 527 1866 sepulto
542 1789 674 1867 possidet
689 1789 804 1850 caelum
819 1789 876 1850 leo.

302 1876 327 1935 si
341 1883 423 1950 grata
439 1883 519 1935 terra
536 1882 598 1945 est,
618 1873 751 1956 populus
764 1873 927 1936 Alcmenen
941 1886 1021 1937 tuam

301 1959 441 2021 deiendat
455 1961 561 2021 omnis.
594 1959 721 2020 thracias
735 1968 840 2037 gentes
855 1971 952 2039 petam

301 2043 453 2122 Hebrique
471 2042 615 2124 populosi
638 2044 713 2104 baec
728 2063 848 2125 quoque
863 2053 909 2105 est
922 2047 1035 2107 meritis
1050 2049 1106 2108 tuis

302 2130 423 2192 defensa
439 2128 542 2190 tellus:
566 2128 679 2191 stabula
697 2148 764 2190 cum
780 2148 874 2208 regno
888 2133 1003 2201 iacent,

301 2216 349 2276 hic
363 2234 421 2295 pax
436 2224 561 2277 cruento
577 2233 647 2294 rege
663 2223 814 2293 prostrato
828 2217 897 2278 (lata
912 2227 972 2277 est:
1203 2109 1247 2311 till

370 2420 435 2471 1805
453 2420 541 2485 Argos
559 2436 606 2474 om
625 2420 650 2469 Ε
661 2416 673 2483 ΙΙ
690 2420 757 2470 1806
775 2419 879 2470 Manita
896 2420 1000 2471 thebae
1017 2427 1114 2490 regnat
1128 2421 1191 2470 isme-

300 2504 354 2539 non
377 2493 470 2553 petam
488 2488 514 2537 Ε
537 2488 644 2538 Orbata
667 2487 779 2537 Thebas
800 2503 913 2553 regnum
938 2495 966 2539 et
983 2492 1138 2543 Hismenum
1156 2502 1192 2551 pe·

299 2563 356 2608 tom
379 2557 404 2606 A
436 2556 615 2619 (hismenium
637 2556 661 2605 R
689 2554 862 2605 hismeneum
884 2557 946 2607 1310
974 2559 1129 2624 hysmenum
1145 2552 1191 2619 iul

300 2624 336 2675 Μ.
356 2623 474 2675 Thebas
491 2640 579 2691 regna
597 2629 630 2673 et
648 2622 724 2674 NHs.
749 2624 863 2675 Thebes
882 2624 932 2675 Bo.
956 2622 968 2687 ΙΙ
992 2630 1059 2680 1808
1081 2644 1125 2695 pro
1141 2622 1193 2674 ielis
1239 2575 1251 2711 l

299 2728 380 2779 nimis
400 2726 494 2787 (attero
513 2727 594 2778 nimis
612 2724 673 2790 om.)
692 2722 741 2792 ΕΙΙ
757 2729 824 2778 1810
842 2687 938 2777 alcides
961 2730 987 2778 Ε
1013 2737 1074 2795 post
1094 2726 1192 2780 forotia
1245 2712 1251 2790 l

298 2814 346 2862 mp.
365 2798 453 2847 adeor.
473 2794 483 2844 1
500 2810 532 2847 m.
549 2811 591 2859 pr.
609 2793 634 2844 E
646 2790 658 2861 ll
676 2796 741 2845 1811
760 2795 904 2859 Exceptus
921 2795 947 2846 Ε
958 2797 1030 2864 Mop.
1050 2800 1161 2850 Exortus
1174 2790 1193 2842 A
1247 2793 1252 2834 ἱ

298 2868 418 2917 Esectus
437 2865 460 2915 Ii
477 2863 589 2913 Eiectos
609 2862 631 2912 G
649 2861 696 2925 (of.
710 2862 792 2913 Herc.
811 2863 891 2913 Isos
909 2865 933 2914 E
950 2868 1048 2917 matris
1066 2874 1140 2917 utero
1154 2860 1194 2913 lul·
1247 2845 1254 2948 l

298 2936 371 2987 mins
395 2934 528 2983 eiectus
551 2929 636 2996 puer)
666 2930 828 2995 Exemptns
852 2930 932 2982 Gran.
966 2936 1065 3000 scripsi
1085 2935 1193 2998 Ereptut

298 3008 363 3057 coni.
385 3001 459 3053 Ouid.
477 3000 519 3051 M.
537 2999 590 3049 ΙΙΙ
608 3000 659 3049 310
671 2993 682 3064 ΙΙ
694 3012 768 3049 nunc
786 3000 813 3051 d.
832 3005 876 3049 ost
893 3004 1000 3065 tempus
1018 3003 1112 3053 datum
1128 2996 1194 3053 estss

298 3089 371 3125 nuno
388 3070 413 3125 d.
434 3075 478 3122 sat
489 3068 607 3119 miseras
627 3066 695 3115 mihi
712 3067 738 3117 A
750 3070 763 3132 ΙΙ
777 3066 944 3119 tata—1815
962 3068 1171 3122 desiderantorii
1184 3064 1194 3127 ll

299 3144 364 3195 1813
382 3142 419 3191 Et
431 3140 483 3191 boo
496 3140 521 3189 A
540 3130 642 3201 Eissoll
652 3136 714 3186 1110
734 3136 773 3183 Vt
783 3135 837 3186 hoe
849 3137 925 3190 Nisa.
944 3138 986 3187 Vt
998 3144 1027 3189 ot
1037 3140 1091 3191 hoc
1103 3142 1171 3192 (ison
1185 3133 1194 3194 ll

298 3210 370 3277 quod
387 3210 413 3259 A
445 3208 520 3273 quid
539 3205 615 3255 NHs.
645 3199 657 3271 ll
687 3203 754 3254 mibi
772 3205 798 3255 A
827 3204 957 3269 nichilo
984 3203 997 3272 ΙΙ
1027 3209 1094 3259 1815
1111 3209 1195 3263 nami

297 3281 357 3329 iam
376 3295 395 3329 α
418 3273 430 3343 ΙΙ
454 3278 520 3327 1818
537 3274 601 3325 Arc.
623 3288 660 3323 an
678 3288 742 3339 pop.
759 3273 785 3322 A
805 3288 841 3322 an
858 3288 906 3324 om.
925 3275 952 3323 Ε
974 3271 987 3342 Ι)
1010 3277 1077 3326 1817
1095 3273 1193 3328 Meritis·

298 3363 350 3415 qus
368 3347 394 3397 A
417 3360 469 3410 quo
488 3361 534 3396 om.
553 3342 580 3392 Ε
603 3339 615 3410 ΙΙ
637 3347 728 3392 terras
750 3341 858 3392 nobiles
875 3342 901 3391 Ε
928 3347 1033 3394 torrem
1050 3338 1194 3397 nobilomA

297 3420 432 3470 Lernam
455 3412 578 3465 nobilem
601 3410 753 3475 quondam
776 3410 832 3461 tuis
854 3411 931 3463 DHe.
967 3413 1105 3463 Lernam
1125 3429 1150 3462 n.
1168 3423 1195 3458 ec

297 3486 454 3539 Thracen
482 3482 538 3531 tuis
568 3481 635 3530 ‘nisi
651 3480 780 3530 eccidisse
798 3493 898 3529 ueram
920 3497 995 3531 unm
1011 3489 1089 3547 atque
1110 3484 1196 3531 aucam

296 3556 445 3623 opinantur’
471 3550 547 3601 NHs.
572 3543 585 3613 ll
608 3550 674 3599 leat
694 3547 820 3598 aiomene
838 3547 864 3598 Ε
885 3548 1049 3599 Alcmenam
1065 3551 1091 3601 A
1113 3546 1125 3614 ΙΙ
1145 3544 1196 3597 1824

296 3628 427 3677 Emenso
450 3618 533 3671 tellus
556 3616 633 3669 NHs.
662 3612 674 3682 ΙΙ
708 3617 775 3667 1825
802 3617 857 3666 Hic
878 3632 934 3681 pax
956 3618 1083 3668 cauendo
1104 3629 1195 3682 rogero·

296 3699 385 3745 strato
403 3692 429 3740 Ε
449 3692 485 3739 Η.
505 3702 531 3751 p.
553 3689 667 3735 cruento
685 3698 753 3748 rege
771 3688 909 3749 prostrato
928 3686 954 3735 A
978 3681 990 3752 ΙΙ
