2750 4250
416 368 599 416 nunovons
616 353 808 438 [ourauvs]
1005 354 1071 419 383

163 507 324 587 nihilque
340 506 383 568 ah
399 506 465 569 illa
481 525 567 568 nasus
582 516 612 569 et
627 507 720 569 Iatnm
735 524 829 584 graue

160 594 214 651 nisi
226 610 311 670 regna
327 594 454 654 traxit.
485 593 533 653 hio
549 611 648 653 meum
665 601 770 672 pentus
784 594 874 654 timor

161 677 239 737 altrix
254 676 385 746 lacessit,
402 678 452 738 hio
466 678 545 755 rapit
559 695 680 739 somnos
695 696 800 756 pauor.

161 759 302 838 praeclara
318 764 386 822 totis
401 761 540 838 gentibus
556 764 684 822 coniunx
702 779 783 822 eram
808 807 812 815 .

160 845 351 925 thalamosque
367 854 486 907 nostros
502 847 602 907 inuido
619 853 691 907 uoto
705 864 799 907 nurus

160 929 270 1009 optabat
285 932 396 992 omnis:
423 930 554 1012 [quaeue
568 950 651 993 mens
666 935 828 1007 quicquam
843 932 916 992 deos

160 1018 258 1076 orabat
271 1019 357 1077 ullos.
387 1018 517 1079 nuribus
531 1020 676 1092 arpolica's
686 1016 753 1089 sua't

159 1098 395 1179 mensurnorum]
427 1118 514 1178 quam
533 1102 593 1162 Ioui
609 1117 746 1162 socerum
761 1117 866 1179 parem

159 1182 234 1243 altrix
250 1184 385 1246 habebo?
409 1184 473 1264 quis
489 1185 544 1247 sub
561 1186 618 1247 hoo
634 1184 746 1245 mundo
761 1184 834 1244 mihi
1083 1197 1136 1247 405

158 1267 265 1329 dabitur
280 1269 421 1330 maritus?
444 1272 508 1347 ipso
523 1273 573 1349 qui
588 1269 708 1331 Aloidae
723 1269 850 1347 imperat

157 1352 262 1413 facibus
277 1357 339 1415 suis
354 1372 402 1415 me
419 1355 520 1431 iungat
535 1354 719 1435 Eurystheus
736 1352 817 1424 iicet,

157 1438 244 1497 minus
259 1448 302 1499 est
318 1440 390 1498 toris
406 1441 534 1500 creuisse
549 1440 718 1516 regnantis,
734 1437 802 1499 leue
817 1445 876 1505 est,

157 1520 207 1581 alte
221 1519 268 1584 illa
283 1523 390 1584 cecidit
404 1542 479 1602 quae
495 1524 561 1584 uiro
577 1530 658 1584 caret
673 1521 811 1583 Hercule.
970 1534 994 1576 F·
1008 1535 1131 1578 cxxxxu

155 1618 249 1666 nuru.
265 1607 402 1669 conciliat
416 1610 531 1669 animos
547 1610 705 1683 coniugum
722 1615 824 1685 partus
838 1607 910 1666 fere.
1078 1622 1130 1671 410

155 1702 265 1752 uultu.
281 1694 325 1753 sio
339 1694 401 1771 ipse
417 1692 516 1753 forsan
533 1693 644 1753 diuidet
658 1700 760 1769 partus
775 1698 865 1751 toros.

155 1788 247 1836 utun.
265 1776 373 1837 Iamuia
390 1775 438 1838 illa
453 1778 581 1838 trahitur
596 1778 714 1837 interim
730 1775 841 1836 donum
858 1774 918 1836 tibi.
989 1814 994 1819 -

154 1871 264 1921 numu.
281 1861 362 1922 hunc
378 1879 466 1940 quem
481 1880 535 1940 per
550 1861 641 1923 urbes
656 1862 700 1920 ire
715 1860 900 1939 praectarum
916 1859 1001 1921 uides

156 1952 181 2001 et
194 1946 258 2005 uiua
273 1954 358 2023 tergo
374 1945 466 2024 spolia
483 1953 646 2024 gestantem
663 1945 758 2013 ferae,

157 2030 200 2105 qui
213 2048 303 2108 regna
318 2032 434 2091 miseris
449 2031 539 2091 donat
553 2038 583 2091 et
597 2029 683 2093 celsis
699 2031 777 2108 rapit

157 2122 230 2174 uasta
246 2125 385 2192 grauatus
400 2114 552 2177 horridam
569 2115 652 2176 olona
668 2133 803 2183 manum,

158 2199 232 2259 euius
248 2201 414 2279 triumphos
429 2200 524 2261 ultimi
541 2201 629 2262 Seres
647 2207 757 2260 oanunt

158 2291 181 2341 et
194 2285 320 2362 quisquis
335 2284 409 2345 alius
425 2285 499 2346 orbe
514 2288 669 2363 conposito
685 2286 775 2345 iaoot:

160 2427 351 2438 ———-....

216 2505 263 2552 398
282 2503 326 2554 hio
344 2505 370 2553 Ε
388 2505 452 2554 hino
471 2505 496 2553 A
554 2505 603 2554 399
621 2503 666 2552 hic
683 2503 710 2551 E
726 2503 793 2551 hino
810 2504 836 2553 A
864 2499 937 2568 1401
957 2507 1022 2553 uoto
1040 2503 1067 2551 E

157 2568 208 2618 fato
219 2571 243 2619 A
256 2567 267 2636 Η
279 2573 330 2622 402
348 2573 466 2622 obtabat
477 2572 502 2620 Ε
538 2586 626 2636 queue
645 2585 722 2620 mens
740 2570 840 2636 unep
866 2571 926 2620 Pal.
944 2571 1065 2620 IDelria·

157 2651 195 2685 nus
206 2638 275 2704 Moy.
295 2637 360 2706 (quq
373 2639 460 2701 mens)
474 2640 536 2690 1110
547 2655 594 2703 nep.
615 2637 681 2702 (arip
698 2653 733 2688 ne
746 2637 833 2703 meus)
853 2652 926 2701 quoa
945 2643 1064 2688 tumens

159 2703 226 2756 Gran.
254 2721 306 2770 quo
325 2707 407 2756 nimis
425 2708 450 2757 A
478 2721 550 2771 quae
568 2707 691 2770 nimisp
720 2702 733 2772 Η
761 2706 907 2770 quiequam
926 2709 968 2755 uel
985 2705 1064 2769 quid-

158 2785 229 2832 quam
245 2773 435 2840 EhfipMop.
449 2775 572 2838 Rtomp.
601 2775 748 2838 quisquam
766 2776 832 2824 idem
843 2775 900 2822 Pal.
930 2772 1065 2838 quisqslt

159 2838 247 2891 IIPaIl.
265 2843 390 2906 quisquis
408 2843 433 2891 A
457 2839 469 2909 Η
491 2844 542 2893 403
560 2841 616 2891 fun
633 2841 658 2890 Ε
668 2858 686 2906 p
707 2841 750 2891 fni
767 2843 793 2891 A
816 2838 829 2908 Η
851 2839 916 2892 4021)
935 2843 984 2892 403
1002 2841 1064 2891 404ι

159 2911 269 2970 expunxi.
300 2907 311 2974 Η
340 2912 392 2960 404
418 2911 455 2958 M.
484 2910 544 2959 uoti
571 2911 645 2960 iuno.
674 2924 755 2974 quem
777 2923 901 2958 socerum
925 2923 1020 2972 parem
1039 2906 1064 2954 Ε

159 2973 188 3023 X.
199 2977 261 3029 uoti.
281 2993 362 3043 quem
374 2977 436 3026 Ioui
448 2992 573 3027 socerum
586 2993 679 3043 parem
698 2979 724 3028 A
735 2973 748 3043 Η
758 2978 809 3028 405
828 2976 874 3041 qui
886 2975 912 3023 Ε
930 2976 991 3040 quis
1003 2977 1029 3025 A
1049 2974 1063 3038 ΙΙ

159 3043 199 3091 408
215 3046 280 3094 toris
299 3045 365 3095 EM]
384 3051 458 3095 toros
477 3047 503 3095 A
526 3039 538 3110 Η
562 3045 684 3095 carnisse
704 3045 771 3095 ΕΜ]
788 3045 924 3094 meruisse
943 3045 969 3094 A
994 3058 1065 3093 ore·

159 3109 220 3160 uisse
237 3115 340 3178 scripsi.
364 3109 375 3180 Η
399 3117 535 3178 regnante
554 3113 580 3162 Ε
597 3118 760 3178 regnantem
778 3113 819 3161 M}
840 3112 985 3175 regnantis
1003 3112 1029 3161 A
1050 3112 1063 3174 Η

158 3177 199 3226 409
215 3179 281 3242 alte„
293 3181 349 3231 iam
368 3196 391 3234 c.
410 3181 436 3230 Ε
454 3181 517 3230 Atta
530 3179 581 3229 illa
595 3197 618 3233 o.
637 3181 663 3230 A
679 3176 692 3246 Η
708 3183 799 3230 desunt
814 3182 841 3229 in
853 3179 879 3228 Ε
892 3181 934 3244 qui
944 3187 1066 3230 secuntur

160 3243 279 3299 XXXIII
295 3264 386 3299 uersus
403 3265 420 3298 a
438 3250 622 3313 utromque
640 3251 675 3298 ad
686 3251 736 3298 442
755 3248 831 3299 defi-o
849 3248 874 3297 h¹
893 3246 997 3298 ml'tnm
1016 3263 1063 3314 mp.

160 3310 188 3358 Ε3
207 3310 217 3380 Η
238 3319 287 3369 410
312 3318 471 3383 coniugium
488 3317 513 3366 R
534 3313 546 3382 Η
568 3318 617 3366 412
640 3315 691 3365 illa
713 3332 760 3367 om.
785 3317 808 3366 R
837 3310 949 3381 dossum
966 3316 990 3365 R
1019 3316 1066 3368 do-

160 3394 218 3430 mum
233 3381 339 3451 911413
357 3385 410 3435 Hic
428 3388 453 3436 A
472 3385 553 3434 Hune
576 3386 651 3434 Voss.
665 3390 691 3434 et
702 3385 747 3434 IV
760 3387 806 3434 alti
817 3391 834 3435 t.
849 3384 928 3434 oron.
943 3384 985 3434 G?
994 3385 1030 3448 p?
1049 3383 1062 3449 Η

160 3449 199 3498 414
214 3453 277 3504 uina
295 3454 321 3503 A
341 3453 434 3504 fulua
452 3453 529 3502 NHe.
547 3453 641 3502 uicto
661 3453 738 3503 Goon.
758 3452 872 3518 rigida
889 3467 936 3516 epo
955 3453 1066 3516 opime

162 3514 204 3566 un.
231 3517 241 3586 Η
268 3523 319 3571 418
339 3525 471 3585 consepto
490 3522 515 3570 A
535 3525 712 3584 oonoeptop
737 3524 898 3586 consumpto
919 3519 1022 3570 Gratiae
1040 3527 1067 3569 et

162 3583 223 3637 NHe.
245 3586 256 3655 Η
281 3589 410 3641 confecto
433 3590 486 3651 (aet
503 3589 583 3639 orbis
602 3588 775 3652 incertus)
801 3588 879 3640 Gron.
905 3587 1066 3652 conposito

118 3651 123 3663 ⁸
163 3652 203 3712 [uel
219 3657 369 3723 conposto)
389 3659 491 3722 scripsi.
516 3653 527 3722 Η
