2750 4250
324 374 389 441 338
712 388 856 436 incnnrr

325 532 416 592 haec
432 548 523 591 onero
538 529 620 597 sidit,
636 527 705 589 illa
721 528 898 590 conuulsum
913 528 986 589 latus

329 615 475 677 submittit
490 615 591 684 undio,
607 615 715 675 lluctns
731 615 956 675 nonodecimus
971 616 1051 691 tegit,

327 702 370 762 ha
380 719 420 761 ec
433 700 531 762 lacera
548 707 576 759 et
591 700 672 758 omni
687 699 796 759 decore
810 698 951 777 populato
966 697 1036 760 leuIs

328 786 422 847 lluitat
438 804 491 845 nec
506 784 565 845 illi
581 783 646 845 uela
662 802 719 843 nec
734 792 837 845 tonsae
851 793 972 845 manent

327 890 384 931 nec
400 878 499 931 rectus
514 868 586 930 altas
602 867 696 929 malus
710 875 866 929 antemnas
881 870 995 944 lerens,

328 956 380 1017 sed
396 964 500 1015 trunca
517 962 578 1014 toto
595 954 703 1032 puppis
718 954 796 1013 ionio
813 960 902 1014 natat.

370 1038 427 1100 Nil
444 1041 518 1099 ratio
535 1047 562 1099 et
577 1056 647 1099 usus
662 1039 786 1107 audet,
804 1058 853 1100 ars
868 1042 958 1100 cessit
972 1033 1061 1099 malis,

329 1132 409 1185 tenet
423 1123 531 1184 horror
547 1130 642 1191 artus,
660 1124 758 1182 omnis
773 1125 871 1184 ollicio
887 1131 986 1201 stupet

330 1211 429 1269 nauita
444 1208 563 1276 relicto,
580 1225 680 1268 cenius
696 1208 799 1286 elingit
814 1227 930 1270 mantis.

326 1296 359 1355 in
374 1300 442 1355 uota
457 1295 582 1354 miseros
597 1291 716 1354 ultimus
733 1295 813 1370 cogit
827 1296 916 1354 timor

328 1379 491 1457 eademque
506 1395 631 1455 superos
646 1377 763 1439 Troes
778 1386 808 1439 et
823 1379 938 1439 llanai
954 1387 1066 1457 rogant.

372 1464 448 1536 Quid
464 1464 521 1524 lata
538 1470 671 1541 possunt.
701 1464 815 1525 inuidet
828 1462 961 1541 Pyrrhus
975 1468 1065 1543 patri,

328 1551 411 1611 Aiaci
427 1548 537 1616 Vlixes,
555 1546 675 1608 Hectori
691 1548 807 1608 Atrides
822 1550 934 1618 minor,

328 1638 510 1713 Agamemno
527 1633 654 1693 Priamo.
687 1634 821 1710 quisquis
836 1633 872 1693 ad
888 1634 1010 1694 'Proiam
1025 1635 1112 1701 iacet,

330 1720 398 1781 lelix
414 1726 554 1787 uocatur,
571 1717 678 1777 cadere
694 1720 745 1795 qui
760 1721 870 1778 meruit
884 1718 993 1795 gradu,

329 1824 418 1886 quem
436 1804 512 1863 lama
529 1808 642 1874 seruat,
660 1804 738 1862 uicta
754 1821 843 1882 quem
859 1803 945 1863 lellus
960 1806 1043 1881 tegit.

372 1888 428 1949 Nil
444 1887 544 1949 nobile
560 1904 671 1947 ausos
686 1894 795 1965 pontus
810 1896 897 1968 atque
914 1888 1011 1949 undae
1026 1889 1134 1950 lerant?

329 1976 436 2052 ignaua
452 1975 544 2033 lortes
559 1972 615 2033 lala
632 1981 809 2034 consument
823 1975 926 2034 uirosl

329 2058 480 2138 perdenda
497 2076 577 2117 mors
593 2058 655 2117 est‘l
677 2059 810 2137 quisquis
826 2077 858 2118 es
873 2059 1005 2120 nondum
1021 2058 1104 2119 malis

330 2145 433 2204 satiate
449 2145 537 2204 tantis
552 2142 704 2212 caelitum,
721 2144 838 2204 modom
856 2152 939 2205 tuum

330 2247 440 2290 numen
455 2247 569 2289 serena.
601 2227 734 2289 cladibus
749 2231 859 2290 nostris
874 2230 959 2290 daret

330 2313 378 2376 uel
394 2313 482 2374 Troia
497 2313 642 2375 lacrimas.
674 2313 739 2373 odia
755 2315 779 2374 si
795 2314 903 2376 durant
918 2322 968 2374 tua

331 2399 486 2480 placetque
503 2399 579 2458 mitti
595 2398 728 2459 doricum
746 2400 835 2458 exitio
851 2416 959 2475 genus,

331 2485 401 2562 quid
418 2483 473 2544 hos
489 2482 575 2544 simul
591 2484 689 2562 perire
705 2482 860 2544 nobiscum
876 2486 959 2544 iuuat

331 2569 438 2648 quibus
454 2569 601 2647 perimus?
623 2569 715 2628 sistite
731 2568 869 2629 infestum
885 2588 982 2630 mare:

332 2654 413 2716 uellit
427 2656 482 2715 ista
498 2654 642 2714 Danaos
658 2652 761 2713 classis
777 2660 806 2713 ct
821 2655 891 2714 Tro
902 2674 939 2715 as
955 2655 1044 2715 uehit.

374 2739 434 2800 Nec
450 2739 533 2819 plura
549 2744 685 2818 possunt,
703 2745 830 2816 occupat
844 2757 950 2800 uocem
964 2759 1057 2801 mare.

333 2843 404 2886 ecce
421 2825 475 2886 alia
493 2825 600 2886 clades.
633 2822 756 2884 fulmine
771 2825 837 2883 irati
852 2823 932 2885 louis

370 2990 534 2998 ’ψ’
1241 2984 1243 3023 Ι

399 3083 448 3132 522
466 3081 533 3132 sidit
551 3081 590 3132 εΑ
618 3080 691 3130 sedit
709 3088 732 3142 us
755 3075 768 3146 ΙΙ
791 3081 841 3130 524
858 3080 949 3129 latera
967 3079 991 3128 Ε
1013 3076 1026 3144 Η
1048 3079 1176 3146 populata
1188 3084 1205 3139 ψ
1217 3096 1222 3136 l
1241 3040 1243 3065 Ι

331 3148 380 3197 527
404 3153 502 3200 trunca
525 3149 550 3198 E
566 3151 670 3214 Repiom
688 3149 763 3200 IPul.
784 3149 823 3198 G?
852 3152 965 3197 truncta
988 3148 1064 3198 IPal.
1095 3150 1222 3201 structall

332 3213 423 3265 fracta
441 3219 507 3268 Aba
518 3214 530 3281 11
542 3219 642 3284 puppis
661 3219 701 3268 εΑ
721 3216 809 3282 turpis
827 3212 874 3282 ψΙΙ
886 3217 936 3266 528
956 3231 1001 3266 ars
1020 3217 1106 3266 cessit
1123 3208 1222 3266 mansi
1241 3242 1243 3263 ι

332 3279 360 3327 in
383 3288 492 3350 magnis
516 3287 596 3336 malis
621 3286 644 3335 A
674 3282 686 3352 ΙΙ
715 3287 766 3336 535
787 3285 976 3350 Agamemnon
996 3286 1102 3348 priamo
1119 3284 1144 3333 E
1168 3283 1243 3344 Aga.

332 3361 431 3401 menon
454 3370 494 3417 pr.
514 3361 537 3419 ψ
559 3371 627 3404 corr.
654 3355 732 3406 Gran.
759 3353 870 3403 Priamo
892 3353 1082 3418 Agamemnon
1105 3368 1125 3402 α
1150 3348 1161 3416 ll
1190 3347 1223 3398 536

331 3419 432 3470 meruit
449 3421 500 3471 ΕΑ
519 3423 649 3487 poluitur
673 3419 684 3488 ΙΙ
709 3420 796 3487 gradu
813 3422 839 3471 E
856 3437 941 3471 manu
959 3422 983 3470 Α
1004 3417 1016 3487 ΙΙ
1039 3422 1089 3472 537
1108 3421 1173 3485 tegit
1187 3414 1222 3466 tl

331 3485 431 3543 promit
448 3491 582 3540 Fabricius
605 3486 617 3556 ΙΙ
639 3491 691 3542 538
709 3491 803 3540 ferunt
820 3489 846 3538 E
858 3491 920 3540 lt1o
931 3505 1064 3553 suprascr.
1086 3489 1173 3538 ferent
1187 3484 1224 3542 ll

331 3548 380 3600 539
400 3563 561 3608 consumunt
579 3557 639 3607 ltro
656 3555 667 3625 ΙΙ
684 3561 735 3610 540
753 3558 900 3608 Perdenda
917 3557 967 3621 Εψ
985 3557 1119 3607 Pudendc
1135 3551 1224 3619 ,411546

330 3625 412 3738 {imerii
424 3627 514 3759 stiptplte
532 3625 558 3675 E
576 3626 673 3677 sistito
692 3627 742 3677 Bo.
759 3622 772 3692 ll
788 3627 837 3677 547
857 3633 885 3676 et
901 3628 978 3676 troas
995 3625 1072 3676 uehit
1090 3625 1142 3676 ellss
1162 3627 1187 3672 el
1201 3619 1223 3666 T.
