2750 4250
141 512 154 561 d

524 353 703 402 rmnsrns

351 493 445 570 Reges
460 495 640 556 conueniant
655 492 734 564 lieet,
799 549 807 568 ,

308 579 358 658 qui
372 597 491 657 sparsos
506 580 617 656 agitant
631 579 736 650 Dahas,

308 664 359 744 qui
374 662 458 725 rubri
473 663 551 725 uada
565 663 660 725 litoris

308 759 337 810 et
352 750 475 827 gemmis
490 767 574 810 mare
589 748 695 811 lucidis

307 833 364 894 laie
380 836 576 913 sanguineum
590 841 703 912 tenent,

306 927 355 980 aut
370 920 419 998 qui
434 921 533 1000 caspia
548 919 675 981 sortibus

306 1003 462 1066 recludunt
475 1006 545 1082 iuga
560 1003 712 1074 Sarmatis,

348 1174 448 1236 Certei
462 1174 591 1236 Danuuii
604 1174 715 1237 uadum

306 1259 394 1320 audet
409 1261 460 1337 qui
474 1259 566 1338 pedes
581 1260 707 1338 ingredi,

306 1354 336 1404 et
351 1344 551 1423 (quocumque
567 1345 633 1406 loco
648 1346 755 1423 iacent)

304 1430 397 1491 Seres
411 1427 525 1491 uellere
540 1429 670 1491 nobiles:

347 1599 405 1662 Nil
419 1598 486 1662 ullis
501 1617 596 1678 opus
611 1609 657 1662 esi
672 1601 765 1678 equis,

304 1684 347 1746 nil
362 1687 452 1746 armis
468 1693 497 1746 et
511 1684 658 1746 inertibus

304 1769 384 1839 ielis,
400 1787 476 1848 quae
491 1768 598 1848 prdeul
612 1770 720 1848 ingerit

304 1854 434 1916 Parthus
449 1873 517 1916 curn
534 1853 653 1917 simulat
667 1855 767 1933 iuges:

304 1940 432 2000 admotis
448 1938 542 2001 nihil
558 1947 615 2002 est
629 1958 722 2018 opus

304 2025 397 2086 urbes
412 2032 548 2086 sternere
562 2025 707 2086 machinis

303 2109 393 2190 longe
409 2130 478 2171 saxa
494 2110 673 2172 rotantibus:

349 2280 422 2342 Rex
444 2290 515 2349 est,
537 2280 832 2359 quimetuetnihii

306 2385 372 2427 rex
395 2373 462 2435 est,
485 2368 547 2442 qui
561 2362 662 2444 cupiet
676 2365 778 2426 nihil.
820 2431 823 2440 ¹
1086 2393 1137 2446 389

305 2469 391 2511 mens
405 2469 561 2530 regnum
577 2449 656 2511 bona
671 2451 804 2530 possidet
1086 2478 1146 2531 380

304 2535 364 2598 hoe
379 2554 470 2615 regn
480 2554 534 2596 um
550 2535 608 2596 sibi
622 2538 748 2616 quisque
764 2536 823 2601 dai.
1087 2565 1138 2615 390

348 2706 412 2767 stet
427 2707 608 2788 quicumque
624 2704 708 2767 nolet
722 2715 828 2786 potens

305 2790 390 2852 aulae
405 2792 533 2854 eulmine
548 2790 684 2852 lubricet
1057 2804 1079 2846 r.
1090 2804 1171 2847 cxxv

305 2894 353 2937 me
369 2876 463 2938 duleis
478 2883 592 2938 saturei
605 2878 698 2955 quies,

305 2961 435 3024 obscuro
450 2963 564 3042 positus
579 2961 645 3023 loeo

304 3044 363 3108 leni
381 3048 521 3128 perfruar
537 3048 607 3107 otio.
1014 3051 1015 3055 ’
1087 3064 1137 3116 395

172 3176 355 3192 fi

226 3250 272 3299 330
289 3250 392 3302 dn'ehos
409 3255 451 3303 uei
467 3250 553 3301 dacos
569 3258 594 3316 ’φ
611 3249 698 3300 danes
716 3266 735 3299 α
753 3249 842 3300 dahas
859 3250 884 3299 Ε
913 3246 924 3318 Η
953 3254 1003 3303 372
1022 3256 1071 3303 sut

174 3314 232 3365 dei
245 3317 269 3366 E
286 3337 326 3370 un.
339 3335 375 3371 en*
386 3320 453 3370 Pan.
475 3316 487 3386 Η
515 3320 568 3371 376
585 3318 736 3368 danubium
753 3318 823 3369 lieet
839 3319 866 3369 Α
889 3318 1005 3370 danubii
1021 3336 1070 3370 nn·

175 3380 224 3431 dun
239 3385 262 3433 E
283 3383 295 3453 ss
316 3390 367 3439 380
382 3390 506 3439 reuocant·
519 3395 581 3452 post
596 3404 622 3438 u.
636 3388 688 3437 38⁹
705 3392 811 3437 auctore
829 3386 957 3439 Swododa
985 3384 997 3455 ΙΙ
1019 3390 1070 3441 388

174 3453 255 3502 metuit
271 3472 292 3505 ω
313 3460 418 3507 metuet
433 3458 530 3521 scripsi
551 3452 563 3522 ΙΙ
586 3456 700 3507 3890111.
719 3456 745 3505 A
763 3471 811 3506 rex
830 3460 873 3506 est
890 3457 974 3520 quiue
993 3456 1071 3521 eupit

175 3517 231 3568 nihil
250 3526 331 3573 codex
354 3524 471 3575 Fabricii
487 3541 536 3576 rex
554 3529 598 3575 est
621 3522 668 3588 qui
691 3524 768 3588 eupit
790 3523 861 3573 nihil
883 3526 909 3573 in
932 3541 1012 3591 marg.
1034 3528 1068 3577 al.

175 3591 254 3707 Q}
264 3592 302 3727 Ru
312 3608 362 3643 rex
380 3596 423 3643 est
441 3594 543 3658 quique
562 3608 586 3647 e.
598 3608 626 3642 n.
638 3592 679 3642 nd
701 3608 721 3643 r.
741 3608 765 3643 e.
785 3606 811 3657 q.
831 3592 926 3657 cupiet
943 3608 969 3643 n.
987 3593 1013 3642 E
1025 3609 1068 3643 un.

175 3668 202 3702 ex
231 3661 269 3713 ai.
