2750 4250
497 341 697 394 PRAEFATIO
966 341 1073 398 XVlJss

145 502 203 578 qnod
218 517 269 560 non
287 500 371 558 nullis
387 501 455 560 locis
469 501 581 560 lacunas
596 502 624 559 in
639 503 668 560 E
681 509 796 576 propter
811 502 1013 576 neglegentiam
1028 502 1074 560 uel

144 586 261 644 scribendi
282 586 470 644 festinantiam
491 587 586 644 librari
602 595 630 644 et
644 589 771 643 miseram
791 587 855 643 libri
877 588 950 645 unde
973 586 1073 644 llorcn-

144 675 204 728 tinus
230 671 386 746 descriptus
412 680 456 728 est
475 672 662 729 condicionem
684 681 758 728 ortas
781 687 795 728 o
815 672 893 730 lilrris
914 672 939 729 A
965 673 1074 745 generis

142 757 246 832 suppleri
266 773 382 814 necesse
403 765 455 814 est.
484 757 604 832 lienique
625 775 680 814 non
702 758 974 831 praetermittendum
999 756 1073 830 quod

142 843 196 898 orio
215 840 416 913 tragoediarum
447 843 535 916 qualis
559 844 649 898 estin
671 841 778 916 uolgari
804 843 965 899 recensione
986 842 1074 914 magis

141 927 254 982 conuenit
270 943 351 999 quani
368 925 393 983 is
409 943 489 1001 quem
505 928 534 984 Ii
554 930 680 1002 sequitur
696 944 756 984 cum
778 935 920 984 auctorum
939 924 1073 984 aetatibus

140 1013 327 1084 Agamemnone
344 1019 372 1068 et
387 1012 503 1069 Hercule
518 1029 544 1068 11
558 1014 585 1068 in
603 1011 655 1070 fine
672 1011 832 1072 conlocatis.

191 1093 233 1151 llis
243 1094 269 1150 in
282 1095 444 1153 uniuersum
457 1097 490 1152 rte
501 1105 618 1172 utraque
630 1098 791 1154 recensione
801 1098 934 1170 expositis
947 1096 1075 1170 sequitur

140 1189 164 1236 ut
176 1179 290 1237 breuiter
313 1182 507 1248 ostendamus,
533 1182 671 1256 quomodo
687 1182 789 1238 lactum
804 1197 866 1238 esse
879 1189 1021 1257 putemus,
1043 1188 1075 1237 ut

140 1265 225 1338 singuli
244 1265 393 1323 deterioris
415 1267 526 1342 generis
547 1267 610 1324 libri
631 1270 657 1324 in
684 1266 800 1340 singulis
820 1283 877 1323 nou
898 1283 961 1324 raro
977 1274 1074 1322 contra

140 1358 231 1406 ceteros
256 1351 298 1406 sui
329 1356 442 1426 generis
464 1351 573 1409 codices
599 1370 661 1410 cnm
687 1351 861 1408 laurentiano
892 1351 1073 1408 consentiant.

139 1433 205 1502 Quod
228 1452 290 1492 sane
317 1438 420 1494 mirum
446 1447 575 1494 nonest.
627 1437 734 1494 Etenim
760 1444 792 1492 ut
811 1436 913 1494 codicis
935 1435 1073 1493 florentini

140 1522 284 1594 scripturam
299 1522 449 1596 pristinam
468 1522 562 1580 multis
583 1523 653 1580 locis
668 1528 801 1579 mutatam
816 1521 943 1578 uidemus
963 1520 996 1577 ad
1010 1537 1076 1576 nor·

116 1622 195 1661 Jmam
214 1607 314 1662 codicis
335 1607 478 1664 cuiusdam
509 1608 622 1664 alterius
643 1606 828 1671 recensionis,
856 1612 884 1662 et
904 1607 945 1663 sic
965 1605 1074 1679 quidem

140 1689 234 1762 utquid
248 1693 327 1764 prior
341 1691 473 1750 librarius
490 1693 633 1767 scripserit
649 1708 730 1766 saepe
745 1692 788 1748 uel
806 1707 887 1766 aegre
902 1689 946 1747 uel
963 1691 1074 1748 omnino

139 1791 182 1830 non
199 1775 285 1848 possit
306 1776 459 1850 distingui:
482 1778 520 1834 ita
539 1794 594 1834 non
616 1779 695 1851 pauci
717 1779 827 1850 generis
848 1775 993 1832 deterioris
1010 1774 1074 1831 lilrri

141 1861 197 1916 ancti
211 1867 272 1916 sunt
294 1869 325 1918 ct
343 1862 479 1918 emendati
494 1862 660 1919 lectionibus
681 1879 714 1918 er
729 1862 844 1919 meliore
864 1859 1027 1917 recensione
1044 1861 1073 1915 in

142 1961 177 2000 eos
191 1945 328 2002 translatis
345 1947 389 2003 uel
406 1963 420 2002 c
435 1947 561 2020 pluribus
582 1946 709 2004 diuersae
724 1947 893 2004 recensionis
914 1944 1074 2018 exemplari·

141 2027 180 2083 lus
197 2033 372 2107 transcripti,
394 2032 666 2104 utllognntinus
688 2031 970 2092 etPnlauiensis.
995 2045 1073 2103 quem

142 2115 176 2187 qni
194 2117 309 2174 crarauit
327 2116 508 2191 conpluribus
524 2117 602 2175 libris
618 2136 648 2175 se
670 2134 750 2175 nsum
766 2132 829 2173 esse
849 2117 877 2173 in
892 2115 1074 2191 inscriptione

140 2198 265 2272 profitetur
287 2201 338 2274 (cl.
355 2220 383 2277 p.
399 2203 515 2275 xxxv1).
547 2202 620 2259 Vnde
636 2204 683 2277 qui
698 2204 820 2278 potuerit
835 2201 892 2257 fleri
908 2210 940 2257 ut
954 2200 1000 2258 uel
1016 2209 1074 2257 tur·

140 2284 227 2356 pissimi
250 2303 282 2343 en
309 2289 355 2344 his
376 2287 456 2345 libris
481 2304 706 2363 nonnumquam
734 2287 831 2344 bonam
857 2294 886 2342 et
907 2286 1073 2358 singularem

141 2368 264 2427 lectionem
281 2374 440 2447 reciperent
456 2372 535 2429 lncile
551 2372 733 2445 intellegitur.

189 2453 243 2511 Non
267 2457 355 2514 nullis
378 2466 468 2514 tamen
495 2457 573 2513 libris
595 2456 739 2514 meliorum
765 2457 914 2514 lectionum
936 2463 1010 2512 tanta
1031 2463 1074 2512 est

141 2540 218 2611 copia,
249 2550 281 2597 ut
301 2550 352 2619 aut
372 2544 426 2617 ipsi
453 2541 640 2598 secundum
664 2542 821 2598 melioris
848 2540 1074 2597 recensionis

141 2626 298 2699 exemplar
320 2627 440 2684 dedita
463 2643 569 2701 opera
591 2628 746 2683 correcti
766 2643 828 2683 esse
849 2634 896 2683 ant
916 2625 1016 2682 elibro
1037 2626 1075 2681 ita

95 2768 99 2771 ,
141 2719 248 2766 correcto
264 2713 404 2785 originem
423 2713 538 2769 traxisse
554 2712 709 2767 uideantur.
739 2710 796 2767 Huc
811 2713 951 2785 pertinent
966 2718 1076 2783 practer

142 2800 232 2851 ceteros
251 2796 441 2853 Melisseus
463 2796 510 2853 ille
531 2795 576 2868 (ci.
594 2814 617 2853 e.
634 2813 660 2870 g.
677 2798 698 2852 Τ
714 2796 732 2853 9
755 2794 913 2867 11111513)
935 2796 978 2851 cui
994 2794 1075 2850 nimis

141 2877 222 2934 triluit
242 2881 416 2945 (iconomus,
439 2881 634 2937 Vossianus
652 2880 814 2944 ..melior“‚
835 2880 1074 2937 Palatinorum

141 2954 221 3035 ‘biga’
238 2960 282 3039 (cl.
298 2967 322 3022 H
338 2966 378 3023 36
396 2961 478 3042 sqq.),
493 2966 768 3039 liehdigcranus
784 2982 811 3020 n.
829 2964 877 3026 11,
895 2963 1074 3020 Gothanus

142 3044 197 3102 alter
212 3044 246 3125 (p)
269 3052 315 3126 qui
332 3068 415 3125 saepe
432 3068 492 3107 cum
509 3050 621 3107 meliore
644 3052 801 3107 recentione
817 3050 1010 3115 consentiunt,
1033 3050 1075 3105 in·

142 3132 230 3189 terium
246 3137 305 3191 eins
322 3138 486 3211 scripturam
503 3137 682 3208 integriorem
702 3134 851 3191 ostendunt
865 3133 1027 3200 florentino,
1043 3142 1076 3191 ut

142 3212 179 3270 llrr
195 3218 273 3278 1380
289 3220 554 3296 quoquuotleA
585 3220 666 3278 1377
687 3218 983 3275 necRneEnonA
1013 3218 1076 3276 920

144 3294 186 3367 (ulti
199 3304 225 3358 in
239 3305 269 3360 E
282 3306 377 3362 lacuna
394 3304 445 3381 est)
463 3307 552 3363 euicte
568 3306 595 3363 R
612 3313 723 3361 enectae
738 3306 764 3359 A
779 3298 793 3384 ΙΙ
807 3304 845 3362 illi
862 3304 946 3377 Rpatu
966 3303 1033 3360 illud
1048 3305 1074 3359 A

143 3382 301 3463 HStepcnti
316 3384 390 3446 Ago
414 3398 523 3466 tepente
547 3389 613 3446 VR.
658 3382 698 3445 ut.
717 3400 874 3463 praeterea,
896 3397 928 3445 ut
949 3388 1072 3445 emultis

144 3484 213 3539 pauca
233 3475 391 3540 alienamus,
420 3479 472 3550 Ag.
496 3476 556 3534 177
580 3477 652 3531 senis
673 3474 734 3531 ER
755 3493 809 3549 mp.
830 3492 866 3530 m.
885 3491 935 3545 pr.
957 3474 1034 3529 ducis
1048 3474 1074 3528 A

146 3550 182 3609 lln
192 3556 274 3617 1360
293 3561 410 3631 leminea
426 3561 487 3617 ER
514 3561 638 3617 lemincis
653 3561 679 3617 A
708 3560 729 3615 P
745 3561 804 3618 651
821 3560 900 3616 uenis
915 3560 959 3615 Ae
985 3574 1074 3613 uenus

148 3632 303 3721 (leaenas)
320 3645 348 3702 R
378 3646 428 3703 ΗΠ
445 3645 524 3704 1511
542 3661 642 3720 pareus
658 3644 765 3701 EltssR
786 3646 855 3702 meis
869 3644 896 3699 A
917 3642 998 3702 1535
1015 3657 1071 3716 quo

826 3742 872 3802 b*
