2750 4250
259 321 321 386 160
537 338 568 384 n.
585 337 718 385 casnm
734 336 893 384 senecen

639 521 787 570 CHORVS.

224 670 242 703 o
356 712 364 725 .
386 644 472 722 Fugit
486 646 608 706 insanae
623 643 728 704 similis
744 643 893 723 procellae

341 731 425 790 ocior
439 728 534 789 nubes
549 734 732 805 glomerante
748 729 826 790 Coro

342 817 427 875 ocior
443 831 564 874 cursam
580 814 715 892 rapiente
730 813 847 874 llamma

341 897 425 959 stella
441 916 509 959 cum
524 899 621 958 nenne
635 899 743 974 agitata
758 896 863 974 longos

341 982 468 1062 porrigit
483 984 575 1060 ignes.

368 1129 372 1136 '
389 1117 528 1178 Conferat
542 1128 639 1179 tecum
655 1118 747 1178 decos
762 1136 850 1178 omne
865 1119 996 1196 priscum

341 1202 419 1262 lama
435 1204 568 1263 miratrix
584 1205 711 1263 senioris
726 1204 802 1264 aeui.
1022 1216 1049 1258 r.
1064 1217 1191 1260 Lxxvnl
1207 1217 1242 1265 ist
1270 1250 1271 1260 2

342 1286 474 1365 pulcrior
489 1295 571 1347 tanto
587 1295 635 1348 tua
654 1287 750 1348 lorma
766 1287 845 1349 lucet

342 1370 450 1432 clarior
465 1381 574 1450 quanto
589 1373 679 1433 micat
695 1371 768 1434 orbe
784 1371 872 1451 pleno

342 1473 410 1517 cum
426 1474 495 1517 snos
509 1457 594 1534 ignes
609 1465 736 1517 coeunte
752 1474 848 1518 cornu

342 1541 437 1602 iunxit
452 1551 482 1602 et
496 1559 587 1602 curru
602 1549 782 1621 properante
798 1559 911 1622 pernox

343 1627 436 1688 exerit
451 1623 550 1686 uultus
565 1625 730 1687 rubicunda
746 1626 867 1687 Phoebe

341 1728 398 1771 nec
413 1718 515 1772 tenent
529 1710 630 1772 stellae
647 1711 752 1771 laciem
769 1712 908 1772 minores.

342 2016 438 2095 qualis
452 2023 497 2076 est
512 2017 623 2094 primas
637 2017 773 2076 referens
788 2017 927 2078 tenebras

342 2102 464 2163 nuntius
479 2101 587 2171 noctis,
603 2100 693 2163 modo
709 2100 787 2163 lotus
803 2101 903 2173 undis,

343 2185 529 2267 [Hesperus‚
544 2190 642 2263 pulses
656 2190 766 2248 iterum
782 2186 924 2267 tenebris]

341 2270 461 2332 Lucifer
475 2271 564 2332 idem.
1203 2283 1246 2337 'tlt

386 2405 521 2487 [Anceps
531 2408 638 2481 sorana
652 2410 761 2470 bonam
775 2409 968 2484 mortalibus,
1203 2422 1244 2471 tlt

341 2496 450 2569 exipui
463 2495 575 2554 donum
590 2495 682 2555 breue
697 2495 855 2569 temporis,
1202 2506 1246 2556 tto

342 2585 376 2639 ut
390 2580 482 2638 uelox
496 2580 592 2638 celeri
599 2580 681 2655 pede
695 2575 838 2657 laberis]

388 2712 453 2774 Non
469 2714 512 2773 sic
527 2719 611 2792 prata
627 2729 705 2773 nouo
722 2730 793 2773 uere
810 2712 941 2773 decentia

342 2801 463 2861 aestatis
478 2797 589 2859 calidae
605 2797 749 2877 despoliat
764 2814 874 2875 uapor,

342 2886 438 2946 saeuit
452 2883 577 2945 solstitio
593 2900 660 2943 cum
676 2881 792 2943 medius
808 2882 870 2943 dies

342 2978 372 3031 et
385 2976 489 3031 noctes
504 2966 647 3029 breuibus
662 2968 837 3047 praecipitat
852 2968 939 3028 rotis:
1200 2980 1247 3029 775

261 3131 456 3144 ———

325 3222 470 3274 CHORVS
487 3220 539 3272 EA
555 3218 568 3288 ΙΙ
586 3223 635 3273 748
654 3220 769 3285 corripit
786 3221 811 3271 A
856 3220 954 3285 ortigit
970 3222 1021 3287 Εψ
1040 3222 1182 3287 concipit

256 3292 288 3342 ei.
308 3294 358 3343 lin.
372 3292 425 3341 Hs.
441 3286 454 3356 ΙΙ
470 3291 519 3343 755
538 3295 632 3341 exeret
648 3290 674 3339 E
693 3289 782 3340 exerit
799 3236 853 3355 AY!
873 3290 922 3341 757
939 3292 1056 3340 lacunam
1072 3294 1181 3354 coacuit

257 3356 359 3427 R.P.·{
395 3359 444 3409 759
462 3362 527 3410 eieci
553 3356 565 3424 11
595 3358 737 3410 761-768
759 3358 884 3408 collocasti
899 3372 954 3407 cum
971 3356 1098 3409 Swotoda
1111 3367 1180 3421 post

257 3442 282 3478 ιι.
299 3431 349 3479 816
368 3423 523 3495 lits-771
543 3429 634 3488 deieci,
653 3444 670 3476 α
682 3426 746 3477 R.P.
765 3426 790 3474 in
807 3426 972 3489 suspitionem
982 3432 1088 3477 wantos
1098 3421 1110 3493 ΙΙ
1121 3426 1177 3487 772

256 3507 322 3548 uere
340 3511 414 3547 nouo
432 3501 514 3561 prete
531 3496 640 3561 Aptata
657 3511 684 3550 n.
701 3508 767 3544 uere
786 3506 800 3544 ε
822 3488 835 3560 ΙΙ
858 3495 908 3544 773
926 3492 1062 3558 dispoliet
1077 3494 1101 3543 A
1123 3491 1178 3545 rie·

257 3565 362 3629 spoliat
372 3564 423 3615 ER
480 3564 530 3614 775
548 3568 577 3613 et
593 3566 704 3612 nostem
715 3561 741 3610 Α
759 3561 808 3611 sed
820 3565 932 3611 noctem
951 3556 1132 3625 (similem)
1147 3569 1176 3625 ψ

257 3638 286 3681 et
296 3640 394 3685 noctes
406 3631 431 3680 E
466 3631 665 3696 praecipitent
682 3632 715 3678 ci.
735 3629 814 3681 Gron.
838 3626 850 3696 Η
