2750 4250
314 350 378 414 380
701 360 843 409 suenum

315 518 405 579 rugus
421 502 449 561 in
465 502 537 562 istos
553 508 631 560 terra
647 506 808 577 consurget
822 516 932 578 parens

315 586 479 663 domusque
495 587 591 645 soceri
607 585 702 663 prima
719 591 747 643 et
762 582 891 644 aetolum
908 600 998 659 genus
1063 566 1078 599 ⁸

315 678 464 731 sternetur
479 686 582 739 omne,
599 686 668 729 saxa
684 671 742 728 iam
758 667 870 727 dudum
886 685 920 728 ae
936 668 1012 728 laces

315 758 343 815 in
360 761 388 815 te
406 754 553 821 letentur,
570 753 717 813 uindicem
733 750 820 813 tellus
835 769 921 812 snum

315 838 453 900 desendet
468 840 573 900 omnis.
605 856 664 898 nna
680 846 752 916 quet
767 856 880 916 poenas
895 836 996 898 dabis?

316 924 447 1002 elingere
462 932 557 984 terras
572 923 662 983 erede
678 929 708 983 et
723 923 886 984 humanum
900 939 995 1001 genus

316 1017 344 1069 te
361 1026 462 1088 posse,
480 1006 592 1069 lulmen
607 1009 724 1085 genitur
739 1006 858 1068 Alcidae
874 1009 959 1085 gerit.

315 1095 372 1153 iam
389 1094 445 1153 iam
463 1094 592 1152 minaces
607 1094 650 1151 ire
666 1110 720 1169 per
736 1091 849 1152 caelium
866 1094 946 1153 laces

315 1184 415 1254 specta
431 1184 460 1237 et
474 1184 625 1237 tonantem
643 1175 765 1236 fulmine
781 1192 905 1236 excussu
920 1176 1007 1235 diem.

316 1270 441 1320 mertem
458 1279 576 1339 quoque
592 1261 686 1338 ipsam
703 1278 791 1338 qnam
808 1269 894 1338 putas
910 1267 1000 1320 tutam
1016 1259 1094 1317 time:

315 1344 483 1405 dominatur
499 1346 557 1406 illie
574 1353 699 1424 patruus
714 1344 833 1404 Alcidae
847 1346 898 1405 tui,

315 1448 503 1509 quincumque
519 1447 626 1509 perges
643 1431 752 1489 misera
768 1436 909 1506 cognatos
924 1428 996 1489 deos

315 1514 360 1574 illi
373 1514 496 1575 uidebis.

316 1612 435 1657 Dntnu.
536 1600 696 1658 maximum
713 1599 779 1658 lieri
793 1596 892 1659 scelus

316 1691 345 1743 et
360 1683 422 1761 ipsa
440 1681 547 1751 fateor,
564 1682 616 1742 sed
634 1681 719 1743 dulor
734 1683 799 1743 lieni
815 1681 904 1742 iubet.

315 1781 417 1827 NVTR.
435 1768 572 1827 moriere.
705 1822 709 1829 .

315 1865 435 1912 nmen.
613 1852 724 1916 moriar
739 1850 875 1910 llerenlis
890 1866 998 1927 nempe
1012 1847 1110 1909 incluti

317 1937 445 1997 coniunx
462 1953 517 1996 nee
532 1934 609 1996 ullus
626 1944 714 1995 nnete
731 1936 861 1995 discussa
877 1936 940 1995 dies

316 2020 435 2081 uiduam
452 2020 566 2081 notabit
582 2036 638 2080 nee
653 2038 738 2079 meos
753 2020 857 2099 paelex
872 2019 956 2080 turos

317 2106 430 2184 captiua
447 2106 552 2184 capiet.
584 2111 653 2165 ante
669 2103 705 2165 ab
723 2122 830 2165 occasu
847 2105 909 2165 dies

316 2201 469 2259 nascetur,
490 2190 577 2250 Indos
593 2197 661 2249 ante
677 2189 808 2266 glacialis
823 2189 909 2266 polus

316 2272 479 2350 Scythasue
494 2274 592 2352 tepida
608 2273 749 2334 Phoebus
765 2275 875 2333 inficiet
890 2280 955 2333 ruta

316 2374 403 2433 quam
420 2376 467 2418 me
482 2359 615 2419 relictam
631 2358 778 2418 thessalae
794 2358 956 2438 adspiciunt
972 2375 1074 2418 nunus.

315 2457 381 2498 meo
397 2442 509 2518 iugales
525 2445 668 2518 sanguine
685 2445 854 2522 extinguam
871 2444 958 2504 laces.

316 2533 366 2582 aut
381 2533 482 2601 pereat
497 2535 547 2588 aut
563 2545 609 2587 me
625 2529 760 2605 perimat.
792 2527 870 2603 elisis
887 2528 956 2589 ieris

316 2615 345 2667 et
361 2612 515 2687 coniugem
532 2611 628 2671 ntldat.
660 2610 911 2683 inter'hereuleos
926 2613 995 2673 lieet

316 2709 363 2752 me
379 2711 497 2773 qunque
512 2694 630 2756 labores
647 2704 799 2757 numeret:
823 2696 941 2757 Alcidae
956 2706 1037 2756 toros

383 2963 431 3011 321
451 2965 546 3030 Angor
563 2966 661 3016 inistos
679 2967 705 3015 E
722 2965 813 3030 Reges
831 2965 860 3014 in
878 2965 947 3015 istos
965 2966 992 3014 A
1014 2961 1026 3030 ll
1049 2964 1122 3014 lares
1138 2961 1162 3010 E
1177 2975 1211 3024 pe·

314 3037 376 3075 rens
394 3031 419 3078 A
431 3027 443 3094 ll
457 3035 507 3084 323
526 3033 671 3083 Sternetur
688 3049 777 3087 omne.
797 3047 865 3083 sexa
883 3034 938 3082 iem
957 3032 1059 3082 dudum
1078 3047 1111 3082 ee
1127 3026 1213 3080 iaeesl

314 3087 375 3140 Inte
393 3095 535 3151 ferentur.
566 3101 704 3150 uindicem
722 3101 805 3152 tellus
823 3116 902 3151 sunm
929 3099 932 3165 Ι
958 3100 1111 3151 Defendet
1127 3094 1214 3156 Eddu

314 3152 390 3204 IPal.
402 3163 518 3218 Fabricii
529 3168 599 3219 iiber.
619 3165 700 3231 (saxa
712 3171 730 3218 i.
744 3174 775 3220 et
786 3171 865 3219 funes
876 3168 933 3218 nd?
952 3184 1041 3219 saeua
1060 3169 1115 3217 iam
1132 3164 1214 3215 dudum

314 3216 393 3271 faces
406 3229 585 3301 Fabriciani)
606 3238 751 3288 Sternetur
763 3253 842 3287 omne
856 3275 862 3285 .
874 3251 939 3285 nem
956 3241 1033 3286 tuum
1046 3251 1113 3302 gens
1125 3235 1214 3284 Hereu-

314 3279 368 3331 lem
384 3289 387 3344 l
404 3292 547 3353 Defendit
565 3307 590 3354 A
610 3301 685 3368 (nam
704 3304 803 3354 dudum
821 3319 908 3369 genus
924 3303 1075 3354 Herculem
1094 3303 1125 3364 d)
1147 3297 1159 3368 ss
1178 3297 1215 3350 325

313 3345 455 3486 ffienffit
469 3383 482 3418 ε
495 3373 664 3452 intereunti
672 3373 745 3438 Moy.
755 3374 822 3422 Pari.
833 3371 968 3422 Defendit
980 3372 1005 3420 A
1010 3387 1028 3436 9
1038 3368 1051 3438 ιι
1062 3373 1112 3422 329
1125 3368 1215 3434 spino

312 3478 361 3526 339
381 3433 594 3556 indffglllredm
610 3440 662 3557 {li
677 3441 754 3522 Gron.
767 3437 841 3520 ll¹336
858 3440 942 3489 NVN.
956 3439 981 3487 Ε
992 3435 1004 3504 ΙΙ
1017 3453 1170 3521 nempenm.
1181 3427 1217 3532 El

539 3523 557 3556 n
578 3522 601 3556 rs
652 3505 662 3574 ll
676 3509 801 3572 glntrehs
819 3507 898 3573 polus
915 3505 982 3555 Elin
1001 3503 1153 3572 (glaesalrs)
1170 3502 1207 3568 gia

312 3541 558 3705 {lssslffifflzmurd
570 3570 581 3639 ll
594 3577 644 3626 340
655 3577 761 3626 inficiet
773 3577 798 3625 Ε
812 3574 917 3626 efficiet
928 3577 954 3624 A
966 3571 979 3640 [l
990 3577 1040 3626 341
1050 3565 1217 3638 inspicienti
