2750 4250
522 362 702 412 'lHYBS'l'ES

165 507 260 568 sicum
275 505 350 565 meis
364 504 495 582 gaudere
510 502 589 566 letiei
604 503 702 564 datur.

137 611 151 658 u
201 605 273 650 nun.
300 589 357 649 llic
371 603 437 650 esse
452 596 536 650 nates
549 588 640 650 erede
655 589 686 648 iu
701 587 839 666 amplexu
855 589 957 666 patris.
1084 603 1136 657 980

165 677 205 737 hie
223 683 291 737 sunt
305 682 454 754 eruntque
469 672 549 734 nulla
566 691 634 753 pars
651 672 743 752 prolis
760 683 826 736 tuae

164 761 208 822 tihi
222 759 421 821 subtrahetur.
449 777 502 819 nra
518 777 595 838 quae
611 767 735 836 exoptas
750 757 827 818 dabo

135 855 154 910 t'
198 846 360 924 Totumque
375 843 461 906 turba
478 844 537 906 iam
552 863 605 904 sua
621 842 744 922 inplebo
759 851 875 922 patrem

164 930 320 1001 satiaberis,
337 948 375 991 ne
391 938 497 991 metue.
527 946 605 990 nunt·
622 927 705 990 mixti
720 929 794 990 meis

164 1016 277 1087 ineunda
292 1032 417 1075 mensae
432 1033 515 1076 saera
531 1012 668 1076 iuuenilis
683 1012 794 1083 colunt,

165 1101 206 1161 sed
220 1102 380 1161 aeeientur.

133 1193 158 1248 u‘'
405 1182 548 1246 Peeulurn
562 1183 661 1245 inluso
677 1200 751 1261 cape

165 1270 262 1348 gentile
277 1270 401 1332 baceho.

164 1370 232 1417 unu.
438 1354 523 1434 nnio
537 1354 686 1416 fraternae
703 1352 786 1432 dapis

164 1441 271 1502 denum.
297 1442 429 1519 paternis
444 1440 513 1500 uina
528 1437 659 1500 libentur
674 1438 746 1507 deis,

165 1526 422 1589 tunehauriantur.

140 1642 150 1676 e
460 1608 517 1670 Sed
534 1607 725 1686 quidhoc?
742 1604 846 1668 nolunt
863 1624 969 1668 manus

163 1713 267 1772 parere,
283 1695 391 1756 erescit
407 1694 523 1773 pondus
538 1701 568 1755 et
582 1693 717 1754 dextrarn
734 1700 848 1770 grueret.

163 1779 287 1840 admetus
300 1781 373 1858 ipsis
388 1778 520 1842 bacchus
534 1797 552 1838 a
566 1777 659 1839 labris
675 1778 748 1854 lugit

164 1866 287 1945 circaque
302 1867 397 1926 rietus
413 1881 467 1926 ure
481 1863 606 1942 decepte
623 1863 687 1924 lluit

163 1958 187 2009 et
199 1952 257 2029 ipsa
272 1950 392 2028 trepide
405 1967 507 2010 mensa
519 1947 656 2010 subsiluit
671 1947 746 2009 solo.

164 2035 205 2094 uix
219 2034 294 2096 lueet
309 2037 402 2114 ignis.¹
424 2034 486 2112 ipse
501 2035 574 2114 quin
589 2033 693 2096 aether
709 2033 809 2112 grauis

163 2121 228 2180 inter
243 2121 319 2182 diem
336 2128 514 2199 noctemque
530 2117 665 2179 desertus
681 2125 787 2195 stupet.

138 2214 155 2270 ο·
200 2206 287 2277 Quid
308 2206 397 2267 huet
417 2206 518 2283 magis
526 2204 678 2282 magisque
694 2204 831 2263 concussi
846 2200 946 2263 labant

163 2308 280 2351 connexa
296 2290 380 2361 caeli,
395 2292 518 2369 spissior
532 2288 633 2349 densis
647 2290 708 2349 coit

163 2375 245 2451 caligo
260 2376 392 2438 tenebris
408 2392 528 2453 nuxque
542 2393 575 2435 se
590 2378 620 2435 in
637 2381 756 2435 noctem
772 2371 894 2435 abdidit.

162 2460 227 2539 lugit
239 2481 327 2523 ernue
342 2461 434 2523 sidus.
462 2459 603 2538 quiequid
618 2466 663 2519 est
678 2458 763 2521 lratri
777 2474 888 2537 precer

161 2548 301 2626 gnatisque
317 2553 434 2625 pareat,
450 2545 547 2607 omnis
561 2546 590 2605 in
607 2542 666 2605 uile
680 2542 738 2603 hoe
753 2550 842 2621 caput

162 2630 236 2691 abeat
249 2631 389 2711 procella.
416 2629 508 2691 redde
523 2632 581 2689 iam
597 2635 704 2707 gnatos
720 2628 801 2688 mihi.

162 2730 226 2776 uult.
251 2717 372 2778 reddam
389 2724 418 2777 et
432 2714 486 2775 tibi
500 2713 565 2774 illos
580 2711 678 2775 nullus
694 2714 800 2791 eripiet
816 2713 887 2774 dies.

131 2806 154 2861 ὅ
199 2815 271 2862 unu.
299 2800 389 2871 Quis
405 2801 462 2861 hie
477 2798 621 2861 turnultus
636 2801 752 2859 uiscera
767 2799 896 2875 exagitat
911 2796 994 2859 meet

163 2886 223 2961 quid
235 2887 357 2947 tremuit
370 2887 468 2945 intnst
489 2888 585 2945 sentio
600 2885 746 2963 inpatiens
762 2902 837 2944 unus

163 2987 305 3051 meumque
321 2972 432 3049 gemitu
448 2988 508 3030 non
524 2988 590 3029 meo
606 2975 710 3048 pectus
725 2969 824 3047 genuit.

164 3055 257 3124 adeste,
274 3058 346 3118 nati.
374 3057 490 3134 genitor
506 3054 608 3116 inlelix
619 3060 719 3124 ‚uocat

164 3139 248 3201 adeste
262 3143 335 3203 uisis
349 3141 443 3217 lugiet
458 3140 506 3201 lule
521 3140 608 3203 uehis
622 3138 718 3200 dulor.
733 3172 775 3183 -

164 3225 229 3285 unde
241 3226 461 3307 obloquuntur?

221 3414 265 3463 982
282 3414 352 3465 here
369 3427 441 3475 quse
460 3427 528 3467 corr.
547 3427 583 3463 ex
600 3411 669 3461 hore
687 3424 760 3475 guae
779 3405 811 3459 ΕΙ
836 3422 885 3461 ora
904 3422 975 3473 quae
993 3409 1018 3459 A
1040 3404 1052 3475 ll

166 3530 206 3579 989
221 3548 270 3581 nen
286 3532 348 3582 uult
365 3532 390 3580 Α
418 3526 482 3581 noli
498 3530 523 3580 E
551 3528 563 3596 lt
592 3532 641 3581 992
661 3487 756 3593 ollaque
776 3528 859 3579 ritlus
875 3528 901 3579 E
932 3527 1062 3593 uiresque

166 3596 271 3651 rietusA
298 3597 310 3667 ll
340 3598 429 3650 effluit
444 3600 469 3649 A
493 3598 554 3649 fluit
571 3598 596 3647 E
633 3595 638 3664 Ι
665 3600 716 3649 998
733 3596 850 3647 eddidit
867 3600 899 3651 ei.
917 3596 996 3649 Gron.
1016 3596 1062 3659 (sie

166 3664 228 3730 llll)
251 3665 262 3735 ll
284 3672 350 3721 1003
368 3667 434 3732 quid
451 3666 476 3717 E
499 3667 597 3732 quisA
621 3663 625 3731 Ι
