2750 4250
382 367 385 374 ¹
427 390 793 476 nnncvnns[rvnuus1
1027 392 1068 457 31

143 581 156 630 g
205 559 305 609 turn.
329 545 404 620 Quid
420 545 469 608 iile
485 565 597 626 opaea
615 549 664 628 qui
679 548 759 624 regit
773 554 891 626 seeptro
907 546 1005 620 toea,

170 651 216 712 qua
232 633 299 694 sede
314 635 427 711 positus
443 639 589 710 temperat
604 631 732 712 populos
747 632 847 694 leues?

138 726 158 800 g'
204 731 297 779 nnus
322 718 374 778 Est
388 719 417 778 in
433 725 555 778 recessu
571 715 687 778 Tartari
709 716 872 778 obscuro
893 717 1016 790 loeus,

169 822 244 886 quern
259 803 400 882 grauibus
416 801 532 863 umbris
547 803 639 880 spissa
658 802 751 880 caiigo
768 801 885 882 adligat.

142 904 156 953 h
203 887 318 949 niente
334 887 448 948 discors
463 895 564 947 manat
578 887 647 948 hine
662 906 722 948 nno
738 887 829 950 latex:

168 971 229 1033 alter
243 975 342 1052 quieto
358 970 461 1034 similis
480 1007 515 1016 —-
533 971 612 1032 hune
627 972 727 1032 iurant
741 972 789 1034 dei
806 1007 841 1018 -

169 1065 269 1118 tacente
284 1076 397 1118 sacram
414 1057 566 1119 deuehens
581 1055 673 1118 fluuio
690 1057 788 1138 Styge.

168 1149 190 1202 at
203 1142 247 1203 hie
261 1143 389 1204 tumultu
405 1144 519 1221 rapitur
533 1142 649 1219 ingenti
665 1141 751 1205 ierox

168 1235 191 1287 et
203 1246 265 1288 saxa
281 1228 373 1290 fluctu
389 1225 484 1288 uoiuit
497 1227 634 1288 Acheron
651 1227 749 1288 iunius

167 1315 329 1392 renauiguri.

137 1419 157 1476 h'
361 1397 494 1474 Cingitur
511 1396 619 1475 duplici
636 1396 713 1458 uado

167 1481 277 1542 aduersa
294 1482 367 1543 Ditis
382 1483 464 1560 regia
480 1490 568 1561 atque
584 1484 688 1559 ingens
704 1482 810 1544 domus

167 1567 309 1630 umbrante
325 1566 392 1628 luco
408 1567 527 1644 tegitur.
567 1569 616 1628 tric
631 1576 719 1628 uasto
734 1585 825 1643 specu

164 1655 283 1728 pendent
299 1655 425 1732 tyranni
438 1655 550 1735 limina.
581 1651 639 1712 hoe
654 1651 768 1713 umbris
783 1655 850 1723 iter,

167 1736 229 1798 haee
242 1747 325 1817 porta
341 1740 437 1814 regni.
469 1754 591 1815 campus
605 1737 682 1796 hane
699 1739 776 1798 cirea
791 1739 868 1798 iacet

167 1823 192 1880 in
205 1841 259 1902 que
273 1822 529 1900 superbo-digerit
544 1821 628 1882 uultu
644 1821 751 1882 sedens

168 1908 264 1968 aninras
278 1915 423 1969 recentes.

136 1987 161 2044 h''
456 1989 523 2051 Dira
540 1992 677 2052 maiestas
693 1992 741 2051 dei

169 2075 239 2139 trous
253 2083 338 2139 torua
355 2077 479 2138 fratrum
497 2093 572 2155 quae
588 2085 686 2137 tamen
703 2076 821 2156 speeien
838 2085 922 2156 gerat

169 2163 307 2242 gentisque
323 2169 431 2223 tantae.
463 2162 561 2223 uultus
578 2172 621 2223 est
637 2162 677 2222 iili
693 2162 771 2222 ionis

167 2247 210 2307 sed
224 2247 411 2308 fulminantis.
444 2264 550 2329 magna
568 2265 637 2327 pars
653 2250 738 2325 regni
753 2250 845 2310 trucis

168 2339 204 2390 est
217 2333 274 2411 ipse
290 2332 428 2393 domiuus
443 2333 526 2393 cuius
541 2332 698 2411 adspectus
720 2336 804 2393 timet

167 2417 291 2495 quiequid
306 2420 437 2479 timetur.

138 2519 154 2566 r
203 2515 303 2561 tuen.
510 2502 624 2563 Verane
641 2510 685 2563 est
701 2502 777 2563 tama
793 2500 896 2564 inieris

170 2592 219 2645 taur
234 2604 294 2647 sera
310 2587 395 2648 reddi
411 2588 475 2647 iura
493 2596 521 2647 et
536 2586 644 2647 oblitus
659 2587 705 2647 sui

170 2670 276 2731 sceleris
291 2678 433 2733 nocentes
448 2671 562 2732 debitas
577 2689 688 2750 peenas
705 2671 793 2733 darei
861 2670 864 2676 ’

172 2757 226 2832 quis
240 2757 292 2818 iste
307 2759 372 2818 ueri
388 2764 488 2818 rector
504 2768 591 2835 atque
607 2760 694 2837 aequi
711 2756 840 2818 arbiter?

145 2849 158 2904 1‘
201 2854 291 2903 runs,
315 2842 380 2903 Non
396 2859 473 2903 unus
488 2840 545 2901 alta
561 2842 631 2903 sede
646 2845 796 2922 quaesitor
811 2841 918 2904 sedens
1088 2861 1138 2911 735

172 2924 264 2987 iudicia
278 2926 403 3006 trepidis
419 2944 484 2987 sera
501 2929 624 2987 sortitur
639 2930 707 2988 reis.

170 3009 254 3071 aditur
268 3012 316 3072 itlo
334 3013 456 3089 gnosius
472 3012 568 3072 Minos
584 3012 658 3082 iero,

169 3092 396 3157 Rhadamanthus
412 3094 475 3166 iilo,
493 3096 624 3157 Thetidis
640 3098 698 3157 hoc
714 3094 794 3157 audit
808 3114 903 3158 secer.

226 3266 270 3317 713
288 3280 404 3317 recessu
416 3265 456 3316 εΑ
475 3282 588 3317 secessu
604 3267 651 3328 Vt’
672 3263 683 3333 Η
707 3268 757 3317 715
776 3265 927 3317 dissonet
949 3263 961 3333 il
983 3268 1070 3333 primo

169 3330 244 3383 Eirno
260 3336 317 3385 AV
336 3331 349 3401 Η
378 3336 428 3385 716
447 3338 508 3385 ater
526 3335 551 3384 A
574 3330 586 3401 Η
610 3337 658 3385 721
678 3349 765 3399 regne
787 3336 812 3385 V
833 3330 847 3402 fl
874 3338 923 3385 722
941 3336 1071 3387 uibrante

173 3397 199 3446 V¹
228 3398 240 3468 ΙΙ
271 3399 332 3453 7222
355 3404 416 3453 723Ι
439 3404 523 3453 delent
555 3396 566 3470 i}
600 3401 774 3453 723111ο771
809 3403 940 3454 haeBo.
975 3400 986 3469 ss
1021 3406 1071 3454 724

586 3472 617 3605 t
635 3468 1072 3589 teruennenses

174 3601 201 3649 V¹
224 3534 228 3671 ι
257 3609 304 3658 730
328 3547 747 3673 aspectusEVuwaspeetumlfft
772 3603 784 3673 Η
807 3610 855 3659 731
875 3554 986 3675 quichi
1003 3606 1029 3655 E

171 3671 212 3789 2133
226 3676 456 3810 {estepufertur
479 3676 559 3727 Witu.
584 3671 597 3742 ΙΙ
620 3677 668 3727 737
688 3674 781 3726 editur
796 3674 822 3725 Ε
848 3674 959 3725 auditur
975 3674 1024 3722 VA

244 3759 272 3793 os
