2750 4250
538 345 706 392 rutenico

156 487 351 566 lacrimisque
367 488 469 564 cogis?
492 487 638 565 profugus
653 503 690 545 cn
707 486 834 545 coniunx
850 484 934 545 abest

156 580 350 651 praestatque
365 581 475 650 nuptae
490 589 576 650 quom
593 568 670 631 solet
684 570 817 631 Theseus
833 569 931 630 tidem.

126 667 142 715 b
199 658 302 719 Fortis
318 675 372 736 per
387 657 462 718 altas
474 657 549 717 inuii
562 663 647 716 retro
661 655 744 716 lacus

157 743 237 804 uadit
255 743 397 804 tenebras
412 741 497 802 mites
511 740 632 801 audacis
646 743 732 819 proci

158 829 229 888 soiio
248 836 285 889 ut
299 827 450 888 reuulsam
465 826 545 904 regis
559 826 668 885 inferni
682 824 842 893 abstrahat,

159 915 258 992 pergit
274 913 386 975 furoris
401 911 508 972 socius.
538 910 618 971 haud
635 909 716 971 iilum
733 912 821 971 timor

159 999 299 1074 pudorne
313 999 426 1058 tenuit:
453 1006 553 1074 stupra
569 1002 600 1056 et
613 994 740 1056 inlicitos
755 1003 837 1055 toros

159 1083 331 1143 Acheronte
344 1083 376 1142 in
391 1085 451 1141 imo
466 1082 583 1161 quaerit
597 1079 747 1160 Hippolyti
763 1088 857 1157 peter.

129 1169 151 1225 h'
202 1168 268 1230 Sed
283 1170 377 1228 maior
393 1166 468 1227 alius
481 1164 602 1228 incubat
616 1173 745 1227 maestae
761 1162 856 1225 dolor.

161 1271 289 1313 nonme
305 1254 390 1331 quies
404 1257 550 1312 nocturna
566 1255 628 1312 non
644 1250 720 1311 altus
735 1267 825 1327 sopor

160 1337 283 1399 soluere
298 1337 392 1398 curis:
409 1335 497 1396 alitur
511 1344 542 1397 et
557 1336 665 1396 crescit
678 1333 789 1395 malum
870 1329 873 1338 ’

162 1431 189 1483 et
202 1423 294 1483 ardet
307 1424 388 1482 intus
403 1420 498 1501 quatis
512 1427 636 1482 aetnaeo
653 1435 748 1498 uapor

162 1506 296 1568 exundat
310 1515 405 1568 antro.
436 1504 558 1583 palladis
572 1504 648 1566 telae
662 1514 770 1565 uacant

163 1600 191 1652 et
205 1594 288 1652 inter
302 1593 382 1670 ipsas
398 1605 488 1669 pensa
504 1589 646 1652 labuntur
661 1607 777 1649 manus.

135 1702 148 1735 c
204 1677 274 1737 Non
290 1676 388 1737 colere
404 1676 488 1736 donis
504 1674 613 1753 templa
628 1675 739 1735 uotiuis
753 1673 835 1742 libet,

162 1781 222 1821 non
238 1763 318 1821 inter
333 1777 400 1822 aras
414 1760 565 1821 Atthidum
580 1759 701 1820 mixtam
717 1759 811 1819 choro

165 1850 277 1907 iactare
293 1848 389 1906 tacitis
404 1846 537 1905 conscias
552 1846 645 1904 sacris
660 1846 740 1904 iaces

165 1949 219 1992 nec
235 1931 320 1990 adire
335 1931 424 1990 castis
439 1928 580 2008 precibus
595 1931 719 1990 nutrito
734 1930 783 2006 pio

166 2016 348 2076 adiudicatae
364 2014 531 2092 praesidem
545 2021 646 2074 terrae
662 2013 764 2074 deam:

166 2103 248 2162 iuuat
263 2102 403 2162 excitatas
418 2101 561 2178 consequi
575 2116 667 2160 cursu
682 2097 762 2159 ieras

168 2196 196 2247 et
210 2186 304 2264 rigida
320 2184 404 2246 molli
419 2202 507 2263 gaesa
522 2184 644 2245 iaculari
660 2200 759 2244 manu.

138 2271 158 2329 ε’
211 2272 277 2343 Quo
292 2272 388 2332 tendis
402 2270 519 2330 anime?
541 2269 612 2349 quid
629 2269 733 2329 furens
748 2267 838 2329 saltus
853 2268 953 2328 anias‘t

169 2355 255 2417 iatale
269 2357 395 2417 miserae
411 2356 513 2415 matris
528 2372 657 2432 agnosco
673 2352 794 2413 rnatum.

170 2459 294 2523 peccare
309 2448 410 2501 noster
426 2441 510 2499 nouit
523 2441 554 2498 in
569 2438 650 2501 sitris
666 2456 759 2499 amor.

170 2528 303 2603 genetrix
318 2527 359 2587 tui
373 2544 423 2586 me
437 2526 573 2585 miseret:
596 2524 718 2584 inianrlo
734 2522 812 2584 maio

171 2618 304 2687 correpta
319 2612 438 2690 pecoris
453 2610 576 2670 efferum
592 2610 675 2669 saeui
690 2608 795 2669 ducem

172 2694 266 2755 audax
280 2696 393 2756 amasti.
425 2701 529 2755 toruus
545 2695 690 2771 inpatiens
707 2695 765 2769 iugi

173 2778 285 2841 adulter
299 2780 346 2841 iile
363 2780 476 2841 ductor·
484 2780 620 2840 indomiti
635 2780 754 2857 gregis„

143 2872 158 2920 u
217 2863 271 2925 Sed
286 2864 403 2925 amabat
418 2863 541 2943 aliquid:
568 2865 634 2940 quis
650 2880 731 2923 meas
748 2865 873 2924 miserae
890 2860 963 2921 deus

174 2955 226 3008 aut
239 2951 299 3027 quis
313 2952 418 3010 iuuare
435 2948 580 3009 Daedalus
594 2948 729 3008 flammas
744 2946 849 3026 queat?
925 2988 929 2997 =
1105 2954 1156 3003 125

176 3050 236 3092 non
249 3035 271 3093 si
284 3033 332 3094 iile
348 3044 464 3095 remeet
479 3044 542 3093 arte
558 3034 711 3112 mopsopia
727 3039 833 3109 potens

178 3118 227 3195 qui
241 3126 334 3179 nostra
351 3137 440 3179 caeca
456 3124 587 3178 monstra
604 3117 750 3177 conclusit
765 3116 867 3186 domo,

178 3205 322 3279 promittat
336 3202 427 3265 ullam
444 3202 560 3263 casibus
575 3204 684 3262 nostris
700 3220 797 3281 opem.

244 3372 274 3421 28
289 3388 411 3437 specus
429 3375 461 3423 ci.
474 3373 551 3422 NHs.
574 3369 587 3439 ii
610 3374 659 3423 102
677 3371 819 3438 pudorque
831 3386 853 3420 ω
870 3370 1001 3436 pudorne
1015 3370 1064 3421 Bo.
1078 3366 1088 3433 11

182 3440 228 3487 111
243 3442 346 3489 nahtam
365 3441 456 3491 choris
475 3442 499 3490 A
519 3442 633 3490 mixtam
652 3442 750 3491 choros
770 3438 795 3487 E
812 3456 881 3491 corr.
902 3439 980 3491 (Iron.
1002 3435 1014 3505 ss
1038 3439 1088 3487 114

181 3506 358 3557 adiudicatum
381 3509 405 3557 A
436 3509 615 3559 adiudicatae
639 3508 682 3559 eli
711 3504 723 3575 ΙΙ
752 3509 799 3556 121
827 3508 904 3558 efferi
927 3522 1042 3557 saeuum
1062 3506 1086 3553 A

182 3572 287 3623 efferum
303 3577 381 3626 saeui
399 3572 451 3643 ΕΗ
469 3578 518 3627 125
536 3576 640 3627 leuare
659 3578 691 3629 ci.
711 3576 787 3625 NHe.
801 3572 813 3641 ΙΙ
831 3578 878 3626 127
898 3575 1025 3625 condnsit
1036 3574 1061 3621 E
1079 3571 1088 3637 ΙΙ

182 3643 231 3691 128
242 3646 373 3705 promittet
385 3644 434 3694 En
451 3646 595 3709 promittat
607 3646 631 3694 Α
656 3640 668 3710 ss
